2511 3938
1154 306 1599 367 CLAUDIAN

480 468 708 544 quippe
734 464 905 524 velut
931 466 1123 524 denso
1149 470 1458 526 currentia
1484 487 1741 525 munera
1766 468 1975 527 nimbo

478 571 730 610 cernere
756 572 1001 630 semper
1026 561 1182 622 erat,
1206 553 1447 630 populis
1473 554 1706 612 undare
1731 563 2013 631 penateS,

479 637 764 696 adsiduos
789 640 1019 696 intrare
1044 640 1282 716 inopes,
1307 657 1584 697 remeare
1610 640 1848 698 beatos,

475 742 771 802 praeceps
795 722 899 782 illa
925 744 1141 782 manus
1169 723 1383 784 fluvios
1409 727 1742 803 superabat
1770 724 2032 783 Hiberos

478 828 665 867 aurea
690 809 853 868 dona
878 829 1130 869 vomens
1158 810 1268 888 (sic
1294 814 1396 868 vix
1416 811 1437 849 1
1464 810 1685 870 tellure
1710 809 1952 869 revulsa

475 895 744 955 sollicitis
769 893 1009 954 fodiens
1035 899 1292 955 miratur
1317 895 1568 955 collibus
1595 896 1860 975 aurum),

477 990 778 1059 quantum
805 990 1026 1058 stagna
1051 981 1206 1059 Tagi
1231 981 1484 1040 rudibus
1511 981 1806 1040 stillantia
1832 985 2002 1041 venis

476 1066 767 1125 effluxere
793 1067 1002 1136 decuS,
1029 1075 1263 1144 quanto
1288 1068 1559 1145 pretiosa
1585 1066 1820 1125 metalli

477 1152 693 1210 Hermi
718 1156 852 1230 ripa
878 1155 1085 1222 micat,
1113 1160 1376 1230 quantas
1402 1171 1515 1229 per
1543 1151 1741 1231 Lydia
1766 1152 1933 1210 culta

477 1237 807 1315 despumat
832 1237 1044 1296 rutilas
1072 1237 1241 1296 dives
1272 1236 1554 1295 Pactolus
1581 1236 1860 1295 harenas,

555 1323 717 1393 Non,
742 1323 891 1381 mihi
917 1327 1193 1382 centenis
1219 1331 1481 1400 pateant
1507 1326 1557 1381 si
1582 1324 1830 1382 vocibus
1857 1342 1964 1381 ora

477 1407 937 1486 multifidusque
964 1418 1105 1468 ruat
1130 1418 1382 1468 centum
1408 1429 1521 1488 per
1545 1417 1798 1487 pectora
1827 1407 2109 1467 Phoebus
2116 1451 2132 1478 ,

480 1503 618 1553 acta
648 1493 828 1552 Probi
855 1516 1099 1553 narrare
1127 1515 1374 1573 queam,
1402 1504 1554 1573 quot
1579 1499 1644 1552 in
1671 1495 1881 1554 ordine
1909 1502 2131 1573 gentes

476 1583 729 1649 rexerit,
756 1581 836 1639 ad
863 1584 1083 1639 summi
1111 1585 1395 1657 quotiens
1421 1579 1670 1659 fastigia
1694 1584 1841 1639 iuris

478 1669 739 1733 venerit,
767 1665 985 1723 Italiae
1011 1664 1137 1723 late
1165 1685 1306 1723 curn
1331 1664 1508 1724 frena
1535 1674 1782 1724 teneret

480 1750 875 1828 Illyricosque
903 1754 1067 1808 sinus
1096 1759 1162 1808 et
1189 1746 1341 1828 quos
1370 1760 1505 1809 arat
1532 1750 1740 1809 Africa
1765 1771 2033 1828 camPOS.

479 1837 589 1895 sed
614 1840 746 1894 nati
771 1839 970 1894 vicere
996 1845 1240 1915 patrem
1268 1837 1501 1915 solique
1528 1845 1844 1895 merentur

479 1926 739 1982 victores
768 1922 978 1982 audire
1008 1920 1208 1981 Probi.
1289 1943 1412 1982 non
1437 1926 1700 2001 contigit
1724 1922 1809 1981 illi

480 2008 619 2067 talis
646 2008 858 2078 honor,
884 2012 1082 2087 prima
1107 2029 1248 2067 cum
1274 2019 1452 2087 parte
1478 2012 1808 2067 viresceret
1835 2012 1992 2077 aevi,

479 2114 594 2152 nec
620 2095 830 2153 consul
856 2115 995 2152 cum
1020 2094 1212 2153 fratre
1238 2094 1379 2154 fuit.
1459 2116 1565 2153 vos
1592 2094 1758 2152 nulla
1782 2091 2010 2172 fatigat

479 2200 625 2238 cura
650 2180 756 2239 diu
783 2184 1013 2239 maiora
1038 2189 1282 2258 petenS,
1308 2201 1432 2239 non
1459 2184 1642 2238 anxia
1667 2188 1945 2237 mentem

482 2285 621 2344 spes
649 2269 781 2344 agit
808 2275 874 2325 et
898 2266 1082 2346 longo
1109 2266 1315 2325 tendit
1339 2265 1696 2344 praecordia
1723 2274 1866 2323 voto
1894 2285 1908 2323 ε

481 2354 765 2428 coepistis
793 2371 915 2429 quo
943 2350 1077 2409 finis
1106 2360 1260 2410 erat.
1340 2350 1671 2428 primordia
1696 2358 1902 2408 vestra

480 2441 582 2495 vix
608 2440 788 2514 pauci
814 2456 1095 2495 meruere
1123 2456 1322 2506 senes,
1350 2445 1672 2514 metasque
1699 2438 1928 2494 tenetis

482 2531 629 2581 ante
656 2543 848 2602 genas
875 2521 1082 2581 dulces
1110 2542 1297 2601 quam
1323 2522 1432 2580 flos
1458 2521 1736 2580 iuvenilis
1761 2522 2077 2579 inumbret

482 2629 710 2687 oraque
737 2608 965 2667 ridenti
990 2607 1280 2685 lanugine
1307 2611 1535 2666 vestiat
1561 2615 1754 2665 aetas,

480 2704 572 2764 tu,
599 2714 834 2772 precor,
859 2698 1142 2772 ignarum
1170 2693 1411 2761 doceas,
1442 2692 1749 2762 Parnasia,
1775 2700 2007 2762 vatem,

482 2783 616 2859 quis
645 2780 796 2838 deus
825 2780 1121 2837 ambobus
1149 2781 1312 2836 tanti
1338 2781 1712 2842 sit-muneris
1740 2786 1973 2836 auctor.

561 2865 896 2943 Postquam
921 2863 1228 2922 fuhnineis
1253 2861 1573 2940 impellens
1599 2865 1826 2922 viribus
1853 2862 2097 2921 hostem

482 2950 739 3030 belliger
767 2951 1084 3028 Augustus
1111 2949 1384 3026 trepidas
1410 2948 1727 3007 laxaverat
1754 2949 1966 3027 Alpes,

2212 476 2282 525 45

2212 1331 2281 1379 55

2214 1759 2282 1808 60

2214 2187 2284 2236 65

2218 2616 2286 2664 70

552 3046 574 3077 1
608 3058 723 3094 uss.
770 3044 815 3092 si
859 3043 1011 3105 quis;
1077 3041 1201 3091 Birt
1245 3045 1481 3103 euyyeste
1523 3042 1599 3090 sic
1641 3042 1763 3100 vix;
1825 3041 2062 3105 possibly
2106 3045 2291 3106 ecquis

480 3109 675 3160 should
705 3109 764 3159 be
795 3108 940 3157 read.
1011 3105 1259 3169 Postyate
1290 3104 1378 3169 (Ο.
1414 3104 1477 3166 Q.
1512 3107 1584 3156 iv.
1626 3121 1683 3170 p.
1716 3106 1836 3170 258)
1870 3123 2010 3170 quae
2040 3108 2129 3156 vix
2166 3145 2179 3158 .
2219 3145 2232 3158 .
2271 3147 2283 3158 .

485 3176 706 3226 miretur
745 3210 758 3224 .
796 3209 809 3223 .
849 3209 863 3224 .
912 3167 1079 3223 Astur

486 3253 524 3310 6
