2511 3938
1145 333 1591 394 CLAUDIAN

469 503 763 577 asperiuS,
792 519 932 557 cum
958 505 1246 576 prompta
1275 495 1483 554 Venus
1508 513 1524 564 3
1566 503 1702 553 tum
1731 494 1939 553 durius
1965 497 2095 552 irae
2172 502 2275 550 265

467 600 822 670 consulitur,
857 620 997 659 cum
1028 618 1231 677 poena
1270 605 1470 675 patet.
1552 595 1661 654 sed
1698 598 2032 672 comprime
2068 603 2274 653 motus

468 722 583 761 nec
609 703 723 760 tibi
749 702 900 780 quid
921 700 1126 770 liceat,
1153 699 1265 759 sed
1290 698 1440 777 quid
1463 695 1681 756 fecisse
1708 696 1956 755 decebit

468 810 769 871 occurrat,
799 809 1202 878 mentemque
1232 799 1450 858 domet
1479 805 1797 875 respectus
1829 796 2094 855 honesti.

548 910 585 937 “
612 901 747 960 Hoc
775 909 842 960 te
869 908 1198 979 praeterea
1226 899 1441 957 crebro
1470 917 1751 957 sermone
1779 898 2066 967 monebo,

469 1011 542 1061 ut
567 1011 634 1061 te
659 1005 852 1061 totius
877 1001 1083 1060 medio
1107 999 1343 1073 telluris
1367 1002 1433 1057 in
1458 1019 1563 1057 ore
2172 1006 2276 1056 270

468 1108 675 1163 vivere
705 1124 1055 1184 cognoscaS,
1085 1106 1320 1162 cunctis
1349 1110 1460 1161 tua
1488 1102 1779 1180 gentibus
1810 1120 1943 1160 esse

464 1203 636 1263 facta
659 1203 867 1282 palam
893 1223 1007 1262 nec
1033 1223 1212 1281 posse
1240 1202 1372 1261 dari
1397 1201 1706 1281 regalibus
1733 1221 1993 1279 usquam

468 1313 779 1364 secretum
806 1307 1008 1374 vitiis3
1049 1324 1194 1361 nam
1221 1303 1330 1362 lux
1357 1302 1651 1362 altissima
1676 1301 1793 1361 fati

469 1404 776 1464 occultum
806 1404 956 1464 nihil
987 1424 1120 1464 esse
1151 1408 1320 1485 sinit,
1346 1403 1740 1483 latebrasque
1768 1423 1882 1482 per
1911 1423 2124 1462 omnes

466 1508 661 1564 intrat
692 1515 758 1565 et
788 1506 1099 1564 abstrusos
1131 1505 1412 1584 explorat
1440 1504 1607 1563 fama
1635 1525 1930 1564 recessus,
2174 1514 2278 1562 275

548 1616 584 1643 “
606 1607 698 1665 Sis
724 1610 862 1685 pius
888 1610 953 1664 in
979 1611 1190 1683 primis
1216 1625 1232 1676 ;
1281 1627 1425 1665 nam
1453 1626 1593 1665 cum
1620 1610 1933 1665 vincamur
1957 1609 2022 1664 in
2049 1610 2216 1665 omni

471 1728 747 1778 munere,
776 1707 905 1766 sola
933 1707 1081 1766 deos
1111 1716 1341 1785 aequat
1369 1705 1699 1766 clementia
1726 1708 1921 1766 nobis,

469 1829 592 1867 neu
622 1809 809 1868 dubie
840 1816 1160 1885 suspectus
1191 1827 1339 1886 agas
1369 1828 1492 1865 neu
1520 1806 1708 1866 falsus
1740 1812 1947 1867 amicis

466 1929 856 1968 rumorumve
889 1908 1102 1967 avidus
1127 1929 1141 1966 z
1185 1912 1290 1988 qui
1323 1908 1473 1966 talia
1503 1917 1699 1979 curat,
1728 1912 1943 1967 inanes

466 2012 744 2070 horrebit
774 2015 1068 2087 strepitus
1099 2009 1267 2068 nulla
1297 2031 1421 2069 non
1452 2015 1668 2069 anxius
1699 2011 1869 2070 hora.
2171 2020 2277 2069 280

469 2133 593 2171 non
620 2115 705 2170 sic
736 2112 1055 2182 excubiae,
1083 2132 1207 2171 non
1234 2116 1693 2171 circumstantia
1718 2113 1845 2191 pila

469 2234 656 2293 quam
687 2221 931 2271 tutatur
961 2232 1151 2271 amor.
1230 2233 1354 2271 non
1387 2214 1780 2291 extorquebis
1812 2217 2002 2271 amari
2029 2232 2044 2282 ;

467 2314 583 2374 hoc
610 2313 850 2373 alterna
877 2312 1051 2382 fides,
1078 2312 1193 2370 hoc
1221 2313 1480 2389 simplex
1506 2316 1708 2391 gratia
1734 2312 1945 2371 donat.

469 2399 674 2475 nonne
703 2414 894 2484 videS,
925 2433 1182 2490 operum
1211 2413 1377 2491 quod
1406 2434 1472 2472 se
1500 2412 1941 2490 pulcherrimus
1968 2417 2101 2492 ipse

468 2516 732 2575 mundus
762 2534 969 2574 amore
997 2513 1174 2592 liget,
1203 2533 1318 2572 nec
1347 2517 1407 2572 vi
1433 2535 1667 2573 conexa
1693 2534 1806 2592 per
1834 2534 2055 2573 aevum
2170 2525 2276 2573 285

466 2622 820 2697 conspirent
851 2616 1162 2675 elementa
1193 2616 1307 2674 sibi
1334 2617 1358 2673 ?
1429 2616 1595 2694 quod
1621 2616 1817 2675 limite
1849 2616 2132 2676 Phoebus

467 2730 797 2780 contentus
829 2719 1055 2790 medio,
1087 2726 1418 2777 contentus
1448 2717 1627 2776 litore
1657 2726 1883 2796 pontus

469 2830 556 2892 et,
586 2824 692 2899 qui
718 2829 1022 2899 perpetuo
1052 2828 1247 2878 terras
1279 2819 1597 2897 ambitque
1626 2819 1940 2897 vehitque,

468 2942 582 2981 nec
609 2930 852 2999 premat
879 2921 1240 2979 incumbens
1271 2923 1442 2979 oneri
1469 2939 1584 2978 nec
1612 2923 1862 2978 cesserit
1891 2920 2043 2978 aer?

469 3028 575 3103 qui
601 3032 817 3094 terret,
843 3022 979 3100 plus
1004 3026 1137 3099 ipse
1164 3025 1350 3081 timet
1371 3041 1387 3092 3
1434 3042 1561 3080 sors
1586 3025 1705 3080 ista
1730 3026 2006 3101 tyrannis
2170 3032 2276 3083 290

469 3129 755 3185 convenit
781 3145 797 3197 ;
848 3124 1167 3183 invideant
1199 3122 1375 3183 claris
1406 3122 1721 3202 fortesque
1754 3123 2084 3194 trucident,

471 3251 588 3312 306
