2511 3938
1124 324 1571 385 CLAUDIAN

450 496 765 546 certavere
793 506 992 556 seneS,
1019 507 1160 545 cum
1186 495 1258 545 tu
1284 490 1578 566 genitoris
1606 489 1801 544 amico

452 604 748 673 exceptus
779 598 1013 673 gremio
1042 595 1313 653 mediam
1343 594 1637 652 veherere
1666 613 1779 671 per
1808 594 2024 651 urbem

450 701 809 780 velaretque
836 706 970 780 pios
999 705 1336 760 communis
1364 699 1575 759 laurea
1603 721 1810 759 currus
1839 701 1851 758 !
2158 706 2256 756 130

452 813 587 887 quis
615 829 739 867 non
768 808 1121 867 Luciferum
1140 829 1323 867 ‘roseo
1350 828 1491 867 cum
1518 807 1658 867 Sole
1684 808 1878 866 videri

452 915 714 975 credidit
741 924 851 974 aut
875 920 1154 974 iunctum
1181 916 1423 975 Bromio
1450 916 1689 974 radiare
1716 915 2062 973 Tonantem
2087 915 2111 972 ?

453 1023 633 1083 floret
663 1028 928 1083 cristatis
961 1028 1267 1083 exercitus
1298 1023 1570 1102 undique
1601 1026 1839 1093 turmiS,

454 1135 714 1209 quisque
744 1152 856 1190 sua
885 1140 951 1190 te
981 1152 1130 1191 voce
1160 1152 1408 1192 canens.
1486 1135 1887 1211 praestringit
1918 1151 2075 1191 aena

454 1238 559 1297 lux
588 1239 814 1311 oculoS‚
839 1241 1113 1319 nudique
1141 1259 1320 1319 seges
1351 1239 1660 1298 Mavortia
1684 1239 1832 1297 ferri
2162 1246 2261 1295 135

441 1350 798 1426 ingeminat
823 1346 1147 1425 splendore
1173 1347 1360 1406 diem.
1438 1366 1579 1425 pars
1606 1346 1822 1405 nobilis
1851 1366 2015 1415 arcu,

455 1472 596 1530 pars
626 1452 810 1533 longe
839 1452 1048 1512 iaculis
1055 1496 1070 1524 ,
1099 1474 1240 1532 pars
1272 1457 1608 1512 comminus
1639 1452 1884 1512 horrida
1912 1455 2108 1511 contis
2134 1469 2151 1521 3

455 1561 520 1620 hi
548 1561 821 1621 volucres
850 1561 1077 1620 tollunt
1106 1560 1361 1639 aquilas,
1390 1562 1454 1620 hi
1479 1565 1649 1640 picta
1676 1563 2008 1621 draconum

458 1667 611 1727 colla
638 1667 869 1738 levant,
897 1667 1251 1746 multusque
1281 1676 1486 1727 tumet
1511 1688 1625 1746 per
1651 1668 1862 1727 nubila
1888 1687 2140 1746 serpens

457 1778 650 1833 iratus
677 1774 1035 1834 stimulante
1064 1775 1228 1834 Noto
1253 1780 1529 1855 vivitque
1554 1780 1820 1855 receptis
2168 1782 2267 1831 140

459 1882 707 1941 flatibus
736 1891 803 1941 et
828 1886 995 1941 vario
1021 1887 1323 1942 mentitur
1350 1883 1526 1943 sibila
1552 1892 1777 1942 tractu.

539 1989 630 2049 Ut
659 2000 915 2049 ventum
945 1991 1026 2050 ad
1054 1993 1254 2062 sedeS,
1284 2001 1535 2051 cunctos
1565 1991 1880 2051 discedere
1910 1994 2093 2050 tectis

460 2097 586 2157 dux
612 2099 790 2158 iubet
817 2107 883 2157 et
907 2118 1207 2177 generum
1233 2099 1565 2178 compellat
1589 2099 1814 2158 talibus
1841 2098 2003 2158 ultro
2031 2119 2045 2157 t

460 2215 499 2244 “
525 2205 892 2285 bellipotens
920 2205 1194 2276 Stilicho,
1220 2210 1391 2265 cuius
1418 2207 1568 2265 mihi
1593 2208 1778 2266 robur
1803 2210 1868 2264 in
1896 2210 2099 2277 armiS,

459 2333 614 2391 pace
644 2314 907 2392 probata
936 2312 1089 2372 fides
1117 2333 1132 2371 ε
1185 2315 1335 2392 quid
1366 2317 1530 2372 enim
1558 2333 1673 2391 per
1700 2313 1933 2391 proelia
1961 2316 2125 2392 gessi
2177 2321 2276 2370 145

461 2427 529 2480 te
557 2424 687 2478 sine
715 2421 737 2478 ?
800 2440 985 2498 quem
1012 2423 1208 2479 merui
1235 2429 1303 2479 te
1329 2442 1453 2480 non
1479 2421 1743 2480 sudante
1769 2420 2194 2498 triumphum?

465 2528 798 2607 Odrysium
826 2532 1060 2606 pariter
1090 2529 1312 2588 Getico
1339 2529 1720 2588 foedavimus
1751 2530 2032 2589 Hebrum

466 2638 786 2714 sanguine,
818 2634 1185 2694 Sarmaticas
1213 2640 1448 2714 pariter
1474 2641 1911 2715 prostravimus
1944 2636 2069 2696 alas

470 2742 870 2821 Riphaeaque
901 2742 1081 2801 simul
1108 2742 1301 2803 fessos
1329 2749 1710 2823 porreximus
1734 2754 1902 2804 artus

468 2852 533 2907 in
562 2850 759 2928 glacie
790 2858 1187 2928 stantemque
1216 2859 1356 2909 rota
1385 2850 1746 2911 sulcavimus
1778 2852 2096 2911 Histrum:
2176 2859 2277 2909 150

472 2975 619 3035 ergo
647 2976 785 3035 age,
811 2977 913 3015 me
941 2960 1230 3035 quoniam
1258 2957 1539 3018 caelestis
1563 2963 1736 3038 regia
1759 2963 1977 3038 poscit,

469 3070 544 3123 tu
571 3067 728 3123 curis
756 3064 1016 3123 succede
1044 3068 1219 3136 meiS‚
1247 3074 1319 3124 tu
1344 3068 1604 3145 pignora
1629 3066 1790 3125 solus

472 3178 680 3230 nostra
707 3170 848 3229 fove
876 3191 890 3229 τ
940 3175 1217 3250 geminos
1247 3173 1469 3231 dextra
1497 3182 1567 3232 tu
1594 3183 1855 3253 protege
1883 3173 2127 3234 fratreS.

477 3270 594 3321 280
