2511 3938
1133 309 1580 370 CLAUDIAN

454 471 856 549 membraque
878 475 1118 531 vestitu
1149 491 1489 549 numquam
1520 469 1748 529 violata
1777 467 2034 548 profano

453 567 518 622 in
550 584 749 624 sacros
779 566 1057 624 cecidere
1089 570 1276 624 sinus,
1357 565 1655 643 Hispania
1684 573 1928 642 patrem

456 657 732 718 auriferis
764 660 981 719 eduxit
1010 663 1205 738 aquiS,
1236 669 1303 718 te
1334 660 1569 737 gaudet
1600 658 1846 718 alumno

453 752 820 831 Bosphorus,
901 754 1202 833 Hesperio
1231 755 1312 813 de
1338 754 1548 812 limine
1578 758 1774 833 surgit
1802 755 1993 832 origo,

454 847 566 906 sed
591 853 801 908 nutrix
828 850 1067 909 Aurora
1093 851 1206 909 tibi
1233 869 1249 920 ;
1297 870 1408 927 pro
1434 854 1690 928 pignore
1718 858 1896 908 tanto
2161 855 2262 904 130

455 951 750 1018 certatur,
777 948 1059 1022 geminus
1086 948 1284 1003 civem
1312 953 1379 1003 te
1405 944 1677 1003 vindicat
1704 947 1856 1002 axis·

455 1035 735 1096 Herculis
767 1045 833 1096 et
861 1037 1087 1097 Bromii
1115 1045 1429 1097 sustentat
1457 1036 1650 1115 gloria
1676 1037 1942 1107 ThebaS,

454 1130 655 1190 haesit
682 1130 1006 1209 Apollineo
1036 1131 1224 1190 Delos
1254 1131 1518 1190 Latonia
1542 1140 1726 1209 partu

454 1223 764 1303 Cretaque
794 1246 860 1285 se
889 1229 1083 1285 iactat
1111 1234 1329 1285 tenero
1357 1234 1606 1303 reptata
1634 1226 1899 1285 Tonanti
1925 1244 1941 1295 ;

453 1318 565 1377 sed
590 1318 806 1378 melior
835 1319 1016 1390 Delo,
1046 1319 1322 1379 Dictaeis
1350 1319 1566 1378 clarior
1592 1323 1711 1378 oris
2160 1327 2260 1377 135

453 1434 614 1494 quae
641 1415 817 1474 dedit
842 1415 957 1474 hoc
983 1436 1215 1474 numen
1238 1418 1411 1494 regio
1437 1434 1453 1485 3
1501 1435 1625 1473 non
1649 1414 1830 1473 litora
1855 1422 2064 1474 nostro

452 1492 1093 1587 sufficerent‘angusta
1121 1509 1260 1568 deo.
1340 1529 1454 1568 nec
1480 1509 1790 1587 inhospita
1819 1508 2048 1588 Cynthi

453 1620 601 1660 saxa
627 1610 767 1660 tuos
795 1610 964 1667 artus
991 1602 1144 1660 duro
1170 1602 1405 1667 laesere
1433 1601 1653 1660 cubili:

452 1695 702 1754 adclinis
732 1699 1020 1774 genetrix
1050 1716 1219 1765 aur0,
1249 1695 1601 1754 circumflua
1630 1698 1889 1774 gemmis

449 1791 515 1845 in
539 1788 753 1866 Tyrios
783 1793 965 1846 enixa
991 1786 1157 1847 toros
1183 1807 1199 1858 3
1248 1780 1485 1848 ululata
1509 1789 1792 1848 verendis
2158 1796 2258 1846 140

451 1881 591 1940 aula
620 1886 979 1960 puerperiis,
1059 1903 1220 1960 quae
1252 1892 1401 1942 tunc
1433 1882 1804 1942 documenta
1832 1881 2071 1942 futuri?

450 1995 611 2055 quae
640 1997 820 2036 voces
850 1980 1055 2037 avium
1080 1980 1104 2037 ?
1185 1982 1402 2057 quanti
1432 1998 1544 2057 per
1570 1982 1754 2037 inane
1782 1977 2022 2038 volatus
2047 1978 2072 2037 ?

448 2074 553 2150 qui
584 2079 795 2130 vatum
825 2072 1127 2131 discursus
1160 2082 1295 2132 erat
1319 2073 1344 2131 ?
1423 2073 1538 2131 tibi
1566 2076 1845 2152 corniger
1874 2072 2186 2132 Hammon

449 2173 516 2223 et
542 2165 777 2225 dudum
802 2170 977 2225 taciti
1002 2187 1225 2245 rupere
1252 2166 1497 2225 silentia
1524 2166 1774 2245 Delphi,

451 2265 515 2317 te
546 2259 770 2319 Persae
799 2265 1076 2320 cecinere
1105 2265 1292 2340 magi,
1323 2269 1388 2319 te
1419 2264 1610 2320 sensit
1638 2261 1931 2320 Etruscus
2155 2270 2254 2319 145

449 2373 647 2432 augur
675 2364 741 2413 et
766 2359 1058 2433 inspectis
1086 2354 1458 2435 Babylonius
1486 2355 1721 2413 horruit
1750 2359 1949 2425 astris,

448 2447 742 2508 Chaldaei
771 2458 1064 2527 stupuere
1094 2470 1273 2508 senes
1304 2450 1702 2528 Cumanaque
1731 2470 1935 2508 rursus

446 2544 719 2602 intonuit
749 2565 953 2622 rupeS,
983 2545 1235 2607 rabidae
1268 2543 1524 2603 delubra
1553 2543 1843 2623 Sibyllae.

447 2642 562 2695 nec
593 2646 659 2695 te
690 2642 1084 2717 progenitum
1115 2638 1444 2718 Cybeleius
1475 2658 1619 2697 aere
1650 2659 1866 2697 sonoro

446 2721 730 2791 lustrarit
764 2731 1033 2812 Corybas
1062 2754 1076 2791 ε
1132 2736 1437 2792 exercitus
1471 2733 1743 2811 undique
1775 2731 2019 2810 fulgens
2153 2743 2252 2792 150

449 2825 692 2884 adstitit
718 2845 733 2896 ;
785 2827 1052 2886 ambitur
1080 2830 1267 2906 signis
1297 2831 1613 2905 augustior
1637 2825 1884 2897 infanS‚'

448 2922 641 2979 sentit
671 2920 997 2979 adorantes
1028 2920 1259 2999 galeaS‚
1289 2921 1617 2999 redditque
1647 2919 1917 2980 ferocem

445 3017 725 3092 vagitum
747 3014 957 3074 lituus,

1061 3109 1271 3168 Vitam
1290 3109 1417 3167 tibi
1447 3109 1708 3168 contulit
1735 3100 1905 3169 idem

449 3227 566 3295 296
