2511 3938
1137 341 1585 401 CLAUDIAN

461 508 700 560 arescat
725 498 861 558 fons
887 501 1019 577 ipse
1047 499 1191 557 mali
1217 517 1234 569 3
1283 507 1605 558 truncatur
1632 506 1699 557 et
1726 506 1917 567 artuS,

461 602 534 652 ut
558 593 745 652 liceat
769 593 1017 671 reliquis
1045 613 1327 651 securum
1354 593 1584 671 degere
1610 592 1921 650 membriS.

462 697 530 747 at
556 708 662 747 vos
690 692 939 767 egregie
966 697 1298 766 purgatam
1324 688 1572 746 creditis
1600 686 1826 756 aulam,
2199 690 2271 740 20

462 782 830 860 Eutropium
857 785 907 840 si
936 781 1173 860 Cyprus
1201 781 1439 839 habet?
1494 781 1886 858 vindictaque
1913 777 2128 836 mundi

462 875 709 933 semivir
736 874 879 933 exul
908 875 1070 933 erit?
1150 878 1255 953 qui
1281 896 1387 934 vos
1413 874 1675 933 lustrare
1701 873 1934 933 valebit

464 989 731 1029 oceanus
757 971 782 1028 ?
877 978 1125 1028 tantum
1152 968 1389 1028 facinus
1419 989 1579 1047 quae
1608 968 1807 1028 diluet
1835 977 2008 1026 aetas
2035 967 2059 1024 ?

544 1064 841 1123 Induerat
866 1064 1132 1123 necdum
1159 1066 1407 1123 trabeas
1435 1084 1449 1123 ι
1497 1067 1769 1142 mugitus
1799 1064 1877 1121 ab
1905 1081 2022 1120 axe

464 1159 743 1217 redditus
768 1157 1029 1229 inferno,
1056 1160 1257 1217 rabies
1286 1179 1506 1217 arcana
1532 1179 1821 1217 cavernas
2203 1163 2273 1211 25

465 1254 669 1311 vibrat
696 1260 761 1312 et
789 1252 1026 1311 alterno
1053 1251 1392 1331 confligunt
1417 1253 1682 1311 culmina
1706 1252 1902 1330 lapsu.

466 1346 800 1405 bacchatus
825 1366 939 1423 per
964 1355 1181 1424 operta
1208 1355 1440 1405 tremor
1467 1346 1854 1405 Calchedona
1879 1348 2072 1403 movit

466 1461 694 1519 pronus
722 1449 789 1499 et
813 1445 879 1499 in
904 1445 1181 1520 geminas
1207 1445 1452 1500 nutavit
1478 1441 1823 1519 Bosphorus
1851 1440 2053 1497 urbes,

469 1555 826 1594 concurrere
852 1533 998 1594 freti
1025 1533 1255 1604 fauceS‚
1282 1536 1486 1594 radice
1513 1535 1753 1594 revulsa

467 1632 670 1688 vitant
694 1628 1045 1687 instabilem
1071 1649 1312 1687 rursum
1338 1628 1752 1708 Symplegada
1778 1637 2028 1687 nautae.
2208 1634 2276 1683 30

468 1722 699 1781 scilicet
726 1722 878 1780 haec
905 1722 1159 1800 Stygiae
1185 1726 1598 1800 praemittunt
1624 1726 1799 1801 signa
1824 1741 2058 1781 sorores

472 1825 537 1875 et
564 1817 678 1874 sibi
702 1819 828 1874 iam
855 1815 1017 1875 tradi
1041 1816 1299 1895 populos
1327 1816 1441 1875 hoc
1468 1817 1715 1875 consule
1743 1817 2041 1895 gaudent.
2123 1823 2128 1826 ’

471 1930 615 1969 mox
642 1914 833 1969 oritur
860 1911 1099 1969 diversa
1125 1910 1255 1969 lues
1286 1932 1300 1969 ε
1348 1910 1488 1969 hinc
1519 1911 1823 1971 Mulciber
1848 1914 2023 1990 ignes

468 2015 798 2084 sparserat,
826 2006 967 2064 hinc
993 2010 1158 2065 victa
1182 2016 1549 2085 proruperat
1576 2008 1750 2066 obice
1778 2008 2015 2065 Nereus
2042 2024 2058 2075 ;

471 2100 625 2159 haec
671 2099 956 2180 flagrant,
1002 2101 1156 2160 haec
1203 2110 1374 2160 tecta
1420 2111 1661 2162 natant.
1750 2122 1958 2180 quam,
2004 2103 2278 2170 numina,

624 2215 890 2274 poenam
2211 2202 2283 2252 35

475 2294 730 2349 servatis
757 2290 992 2360 sceleri,
1019 2293 1187 2349 cuius
1216 2299 1314 2349 tot
1339 2291 1612 2351 cladibus
1639 2311 1823 2350 omen

475 2391 752 2447 constitit
778 2389 800 2446 ?
880 2388 1196 2446 incumbas
1224 2392 1483 2460 utinam,
1512 2390 1826 2467 Neptune,
1851 2389 2108 2447 tridenti

475 2482 902 2561 pollutumque
930 2482 1126 2541 solum
1152 2492 1288 2541 toto
1315 2504 1455 2541 cum
1480 2487 1733 2542 crimine
1759 2504 2023 2562 mergas,

477 2597 665 2635 unam
690 2596 802 2655 pro
828 2577 1059 2635 mundo
1088 2577 1283 2635 Furiis
1310 2579 1698 2637 concedimus
1726 2579 1963 2636 urbem.
2213 2585 2285 2635 39

557 2671 771 2748 thue
799 2671 990 2729 semel
1014 2675 1222 2749 patuit
1248 2675 1536 2731 monstris
1561 2676 1703 2743 iter,
1730 2676 1935 2731 omnia
1962 2681 2209 2749 tempus

478 2775 663 2824 nacta
688 2786 867 2824 suum
892 2775 1227 2844 properant
1257 2787 1270 2824 ε
1319 2771 1485 2826 nasci
1513 2777 1647 2826 tum
1675 2768 1918 2826 decolor
1943 2767 2140 2825 imber

475 2858 909 2937 infantumque
936 2864 1077 2918 novi
1103 2860 1308 2919 vultus
1337 2870 1402 2920 et
1430 2862 1673 2920 dissona
1696 2871 1881 2940 partu

478 2958 734 3023 semina,
762 2963 898 3012 tum
922 2954 1197 3032 lapidum
1223 2954 1407 3014 fletus
1436 2965 1838 3034 armentaque
1865 2957 2048 3035 vulgo

481 3072 630 3112 ausa
654 3052 821 3131 loqui
848 3054 1191 3132 mediisque
1217 3054 1389 3114 ferae
1416 3076 1483 3114 se
1510 3058 1761 3116 credere
1787 3063 1976 3118 muris
2002 3079 2018 3130 3

480 3153 616 3209 tum
642 3160 817 3210 vates
845 3155 977 3210 sine
1004 3172 1175 3210 more
1202 3158 1335 3232 rapi
1362 3154 1807 3234 lymphataque
1833 3162 2061 3236 passim
2219 3167 2290 3215 45

485 3244 600 3304 186
