2511 3938
1124 340 1573 401 CLAUDIAN

448 510 696 580 optatas
728 502 939 561 audire
969 503 1151 561 tubas
1181 505 1506 580 campique
1535 510 1793 560 cruenta
2162 509 2256 558 ·75

449 616 829 688 tempestate
860 609 980 668 frui
1010 613 1365 688 truncisque
1395 612 1742 688 inmergere
1771 588 2015 687 plantas
2041 609 2065 667 ?

450 725 524 777 ut
548 716 668 788 leo,
696 738 883 796 quem
909 716 1113 776 fulvae
1141 721 1355 776 matris
1383 716 1675 796 spelunca
1701 718 1983 796 tegebat⁴

450 826 740 885 uberibus
771 825 1018 891 solitum
1045 829 1234 904 pasci,
1264 846 1406 885 cum
1434 845 1707 885 crescere
1736 830 1928 884 sensit

451 953 660 1013 ungue
685 935 879 1012 pedes
910 942 976 993 et
1002 943 1183 1014 terga
1207 936 1367 994 iubis
1398 943 1464 993 et
1491 934 1780 994 dentibus
1809 955 1935 1005 ora,

450 1046 577 1102 iam
603 1052 796 1123 negat
822 1042 1102 1102 imbelles
1133 1043 1345 1122 epulas
1376 1052 1443 1103 et
1469 1063 1622 1121 rupe
1651 1043 1866 1102 relicta
2190 1051 2260 1100 80
2339 1110 2346 1114 .

454 1151 722 1212 Gaetulo
750 1172 953 1211 comes
981 1157 1070 1211 ire
1097 1156 1263 1230 patri
1288 1151 1670 1230 'stabulisque
1699 1154 1917 1210 minari

454 1268 702 1318 aestuat
729 1268 795 1318 et
821 1259 966 1318 celsi
992 1261 1140 1319 tabo
1167 1261 1414 1319 sordere
1439 1263 1701 1318 iuvenci.

453 1368 556 1427 ille
586 1377 761 1427 vetat
789 1389 1117 1448 rerumque
1147 1370 1262 1427 tibi
1291 1368 1684 1428 commendat
1711 1369 1984 1427 habenas

456 1484 524 1535 et
553 1497 723 1535 sacro
753 1480 1005 1536 meritos
1037 1486 1216 1536 ornat
1245 1476 1600 1536 diademate
1630 1481 1846 1536 crines,

454 1592 758 1663 tantaque
789 1605 855 1644 se
884 1586 1135 1644 rudibus
1163 1589 1365 1663 pietas
1395 1585 1668 1644 ostendit
1694 1589 1760 1645 in
1789 1589 1984 1656 annis,
2195 1594 2265 1644 85

455 1698 541 1752 sic
568 1701 741 1751 aetas
770 1697 972 1751 animo
998 1696 1202 1763 cessit,
1229 1701 1637 1771 quererentur
1663 1702 1735 1751 ut
1760 1712 1972 1751 omnes

461 1804 789 1879 imperium
819 1801 933 1859 tibi
964 1820 1100 1859 sero
1131 1799 1369 1859 datum.

1459 1907 1730 1966 Victoria
1764 1907 1943 1967 velox

462 2019 742 2094 auspiciis
778 2014 999 2074 effecta
1030 2019 1173 2075 tuis,
1272 2005 1598 2095 Pugnastis
1632 2024 1896 2095 uterque
1924 2037 1939 2075 ε

462 2131 534 2183 tu
562 2124 707 2183 fatis
737 2128 1105 2203 genitorque
1135 2144 1344 2183 manu.
1424 2132 1491 2182 te
1520 2134 1775 2203 propter
1807 2134 1874 2184 et
1903 2124 2095 2204 Alpes

461 2232 668 2292 invadi
695 2231 907 2291 faciles
936 2240 1120 2291 cauto
1149 2251 1266 2290 nec
1293 2231 1526 2310 profuit
1555 2232 1717 2290 hosti
2204 2242 2274 2292 90

465 2344 715 2399 munitis
747 2341 1015 2399 haesisse
1047 2339 1192 2398 locis
1221 2360 1235 2397 ι
1290 2358 1429 2418 spes
1458 2343 1645 2398 inrita
1675 2339 1815 2398 valli

466 2450 732 2509 concidit
761 2458 828 2508 et
854 2448 1113 2526 scopulis
1140 2456 1481 2526 patuerunt
1508 2447 1773 2507 claustra
1799 2448 2071 2507 revulsis,

468 2564 535 2616 te
561 2566 816 2635 propter
842 2556 1060 2636 gelidis
1088 2554 1316 2634 Aquilo
1342 2555 1422 2614 de
1449 2563 1663 2614 monte
1689 2555 1968 2634 procele

469 2666 676 2724 obruit
704 2665 987 2723 adversas
1017 2667 1178 2722 acies
1205 2662 1610 2741 revolutaque
1638 2662 1766 2722 tela

468 2776 658 2831 vertit
683 2775 748 2829 in
776 2779 1056 2830 auctores
1086 2778 1152 2829 et
1178 2772 1427 2829 turbine
1454 2771 1725 2849 reppulit
1752 2771 1981 2830 hastas·
2209 2781 2280 2830 95

471 2899 508 2937 o
534 2882 791 2937 nimium
818 2877 1044 2937 dilecte
1072 2876 1211 2948 deo,
1239 2880 1338 2936 cui
1364 2877 1571 2936 fundit
1598 2877 1678 2937 ab
1706 2881 1896 2937 antris

471 2984 701 3045 Aeolus
732 2994 999 3044 armatas
1030 2985 1287 3055 hiemes,
1316 2988 1414 3043 cui
1442 2984 1669 3044 militat
1698 2984 1916 3044 aether

473 3103 539 3153 et
564 3097 865 3153 coniurati
891 3096 1148 3151 veniunt
1176 3093 1257 3150 ad
1283 3091 1532 3151 classica
1558 3097 1749 3151 venti.

473 3201 736 3279 Alpinae
766 3202 1031 3260 rubuere
1060 3204 1252 3272 niveS,
1286 3210 1352 3260 et
1382 3200 1661 3279 Frigidus
1693 3204 1887 3258 amnis

476 3294 593 3358 276
