2511 3938
1142 327 1590 387 CLAUDIAN

465 491 756 546 canitiem
790 487 1056 546 Glaucus
1089 488 1244 566 ligat
1276 488 1699 547 inmortalibus
1733 487 1957 545 herbiS.

466 590 579 628 nec
605 590 728 629 non
755 579 822 628 et
847 573 1026 628 variis
1052 579 1269 628 vectae
1298 570 1594 628 Nereides
1619 571 1795 627 ibant

466 652 677 710 audito
706 671 949 710 rumore
978 650 1123 710 feris
1154 651 1337 730 (hanc
1364 656 1530 730 pisce
1560 650 1768 710 voluto
2173 656 2273 705 160

465 732 748 791 sublevat
778 733 1012 792 Oceani
1040 742 1383 792 monstrum
1411 734 1691 792 Tartesia
1719 736 1893 811 tigris
1920 751 1937 801 3

464 813 620 872 hanc
652 818 835 873 timor
865 815 1104 893 Aegaei
1134 825 1426 893 rupturus
1457 814 1662 874 fronte
1692 818 1927 873 carinas

464 903 608 954 trux
642 900 798 955 aries
826 915 842 967 3
896 896 1049 955 haec
1082 896 1403 956 caeruleae
1437 917 1732 975 suspensa
1763 895 2018 953 leaenae

462 982 706 1036 innatat
733 997 749 1048 3
799 978 952 1037 haec
980 980 1236 1037 viridem
1266 979 1532 1038 trahitur
1566 977 1886 1056 complexa
1916 976 2270 1054 iuvencum)

462 1063 871 1138 certatimque
905 1064 1075 1119 novis
1109 1070 1370 1119 onerant
1402 1062 1664 1119 conubia
1696 1061 1890 1119 doniS.
2172 1066 2272 1114 165

462 1140 708 1219 cingula
736 1141 1106 1221 Cymothoe,
1133 1163 1340 1200 rarum
1370 1142 1634 1201 Galatea
1661 1140 1886 1200 monile

464 1232 530 1281 et
557 1225 843 1301 gravibus
875 1223 1205 1282 Psamathe
1233 1225 1400 1282 bacis
1431 1225 1717 1282 diadema
1742 1222 1988 1281 ferebat

460 1308 793 1375 intextum,
823 1304 1030 1363 Rubro
1061 1326 1211 1383 quas
1240 1305 1480 1384 legerat
1507 1310 1641 1383 ipsa
1667 1303 1992 1383 profundO.

463 1390 689 1464 mergit
715 1406 781 1444 se
809 1388 1013 1445 subito
1040 1386 1334 1465 vellitque
1362 1386 1614 1461 corallia·
1633 1387 1800 1445 Doto
1829 1407 1842 1444 t

460 1471 666 1525 vimen
688 1477 823 1526 erat
844 1469 991 1527 dum
1013 1477 1234 1547 stagna
1255 1471 1422 1528 subit
1443 1488 1459 1539 3
1491 1477 1873 1547 processerat
1894 1467 2071 1525 undis
2096 1487 2109 1524 z
2171 1476 2268 1524 170

460 1569 708 1627 gemma
734 1548 873 1608 fuit.
2199 1553 2206 1557 ’

964 1632 1184 1691 Nudae
1214 1632 1523 1690 Venerem
1552 1635 1799 1690 cinxere
1831 1640 2118 1689 catervae

458 1711 950 1791 plaudentesque
978 1713 1157 1771 simul
1184 1713 1294 1771 tali
1322 1735 1462 1773 cum
1489 1734 1637 1772 voce
1666 1721 2007 1791 sequuntur
2034 1733 2049 1770 2

457 1802 495 1829 “
521 1793 631 1852 hos
664 1794 902 1853 Mariae
932 1794 1154 1865 cultus3
1183 1795 1337 1854 haec
1365 1816 1623 1853 munera
1651 1805 1861 1854 nostra
1888 1814 2214 1873 precamur

457 1880 709 1953 reginae
737 1879 952 1954 regina
979 1875 1161 1935 feraS.
1241 1877 1341 1935 dic
1369 1876 1519 1935 talia
1544 1897 1882 1955 numquam

457 1961 863 2036 promeruisse
884 1957 1132 2017 Thetim
1154 1980 1269 2018 nec
1291 1980 1430 2018 cum
1453 1981 1619 2018 soror
1639 1959 2019 2037 Amphitrite
2167 1967 2230 2016 17
2235 1967 2266 2016 5

457 2047 665 2098 nostro
695 2048 892 2118 nupta
923 2040 1072 2099 Iovi.
1152 2041 1447 2100 devotum
1478 2046 1709 2100 sentiat
1738 2061 1989 2119 aequor,

455 2130 751 2199 agnoscat
779 2121 1079 2180 famulum
1108 2127 1280 2201 virgo
1310 2122 1666 2181 Stilichonia
1694 2131 1975 2201 pontum.

454 2206 732 2262 victrices
761 2224 870 2262 nos
899 2224 1086 2282 saepe
1113 2213 1281 2263 rates
1309 2204 1689 2283 classemque
1716 2214 2042 2283 paternam

454 2288 753 2355 veximuS,
783 2290 1012 2344 attritis
1042 2307 1183 2344 cum
1212 2286 1504 2345 tenderet
1531 2286 1694 2345 ultor
1722 2284 2032 2344 Achivis.”

534 2366 667 2424 Iam
697 2367 994 2446 Ligurum
1023 2372 1200 2426 terris
1230 2372 1581 2446 spumantia
1608 2377 1862 2446 pectora
1889 2369 2103 2426 Triton
2165 2376 2265 2426 180

453 2448 778 2526 adpulerat
805 2448 1116 2527 lassosque
1145 2448 1320 2508 fretis
1351 2450 1722 2508 extenderat
1750 2451 1949 2508 orbeS.

452 2533 742 2588 continuo
773 2529 1032 2588 sublime
1063 2530 1273 2590 volans
1306 2531 1385 2589 ad
1413 2535 1658 2590 moenia
1689 2530 1879 2590 Gallis

452 2612 720 2682 condita,
750 2611 1008 2690 lanigeri
1039 2617 1160 2671 suis
1191 2616 1574 2672 ostentantia
1602 2613 1851 2691 pellem,

450 2697 753 2771 pervenit.
834 2694 1106 2753 adventu
1141 2694 1398 2753 Veneris
1432 2694 1678 2772 pulsata
1710 2695 2011 2753 recedunt

451 2774 678 2844 nubila,
709 2774 1050 2834 clarescunt
1078 2780 1246 2853 puris
1278 2776 1684 2854 Aquilonibus
1714 2777 1925 2854 Alpes.
2161 2787 2260 2835 185

533 2990 553 3020 ²
588 2990 674 3040 i.e.
701 2990 973 3055 Neptune.

532 3055 552 3085 ²
592 3055 801 3115 Milan3
847 3056 914 3120 cf.
954 3054 1079 3105 Isid.
1115 3055 1267 3121 Oriy.
1302 3073 1385 3107 xv.
1427 3061 1448 3108 1
1498 3062 1740 3108 vocatum
1784 3056 2160 3110 Mediolanum
2192 3061 2259 3112 ab

446 3136 520 3180 e0,
545 3121 684 3184 quod
719 3116 796 3172 ibi
825 3138 916 3171 sus
949 3122 1010 3172 in
1041 3122 1213 3172 medio
1249 3123 1405 3172 lanea
1434 3122 1741 3186 perhibetur
1764 3124 2012 3183 inventa3
2066 3123 2253 3177 Sidon.

447 3184 606 3250 Apol.
631 3187 719 3237 vii.
755 3191 815 3238 17
840 3193 888 3238 et
912 3203 1045 3251 quae
1069 3188 1309 3252 laniyero
1333 3188 1397 3238 de
1419 3204 1511 3239 sue
1532 3204 1720 3241 nomen
1742 3189 1943 3240 habent.

447 3271 564 3321 254·
