2511 3938
1134 313 1583 372 CLAUDIAN

456 476 647 533 ubere
676 493 690 544 3
740 477 1079 551 suscipiunt
1106 477 1320 531 matris
1346 482 1489 551 post
1515 477 1748 532 viscera
1773 492 2034 550 poenae.

458 560 705 620 advolat
733 560 1061 617 Armenius
1089 568 1260 619 certo
1288 579 1577 619 mucrone
1604 563 1826 618 recisos

458 648 712 706 edoctus
739 645 973 704 mollire
1001 665 1201 704 mares
1228 646 1581 725 damnoque
1607 644 1947 705 nefandum

458 743 746 792 aucturus
773 736 1044 810 pretium
1071 751 1086 802 3
1135 731 1470 791 fecundum
1497 736 1761 810 corporis
1787 733 2049 790 imbrem
2066 732 2089 768 1

457 821 703 879 sedibus
733 818 1018 877 exhaurit
1045 822 1306 897 geminis
1335 838 1582 897 unoque
1611 820 1725 877 sub
1751 823 1880 877 ictu
2197 828 2264 876 50

458 909 641 984 eripit
668 906 930 963 officium
957 908 1150 983 patris
1179 925 1529 983 nomenque
1558 907 1783 963 mariti.

458 994 781 1070 ambiguus
809 995 974 1049 vitae
1001 994 1212 1061 iacuit,
1237 995 1612 1070 penitusque
1640 1011 1990 1069 supremum

453 1082 518 1136 in
546 1080 866 1136 cerebrum
893 1081 1046 1135 secti
1074 1085 1399 1136 traxerunt
1425 1076 1653 1155 frigora
1679 1082 1871 1136 nervi.

535 1164 967 1224 Laudemusne
996 1184 1271 1234 manum,
1300 1184 1458 1243 quae
1486 1168 1642 1221 vires
1673 1163 1928 1223 abstulit
1954 1163 2138 1233 hosti,

458 1272 538 1310 an
564 1255 768 1329 potius
796 1250 928 1309 fato
956 1271 1203 1308 eausam
1230 1252 1516 1308 tribuisse
1545 1270 1875 1328 queramur
1900 1250 1924 1308 ?
2198 1258 2267 1306 55

408 1331 411 1334 ¹
455 1336 773 1415 profuerat
801 1339 1093 1394 mansisse
1120 1341 1319 1394 virum
1345 1356 1361 1406 ;
1409 1335 1640 1395 felicior
1669 1345 1846 1395 extat

458 1425 783 1502 opprobrio
811 1442 826 1493 3
875 1426 1132 1480 serviret
1161 1423 1381 1492 adhue,
1409 1427 1458 1480 si
1485 1422 1699 1481 fortior
1727 1431 1911 1484 esset.

538 1510 692 1568 Inde
719 1530 831 1588 per
858 1509 1147 1587 Assyriae
1175 1509 1441 1567 trahitur
1468 1513 1832 1568 commercia
1857 1513 2064 1587 ripae;

458 1596 599 1654 hinc
625 1594 759 1653 fora
785 1595 1015 1653 venalis
1044 1594 1270 1654 Galata
1297 1595 1551 1654 ductore
1578 1595 1939 1674 frequentat

458 1691 897 1760 permutatque
926 1682 1137 1739 domos
1165 1685 1363 1739 varias
1390 1701 1405 1750 3
1454 1685 1589 1760 quis
1616 1686 1865 1740 nomina
1889 1686 2084 1760 possit
2198 1691 2266 1740 60

459 1776 638 1826 tanta
665 1771 838 1844 sequi
865 1768 888 1825 ?
938 1766 1111 1825 miles
1140 1766 1367 1826 stabuli
1396 1767 1786 1827 Ptolomaeus
1813 1773 1877 1826 in
1902 1768 2018 1827 illis

459 1858 661 1912 notior
689 1874 701 1911 ε
751 1854 848 1911 hic
875 1853 1058 1931 longo
1085 1853 1346 1912 lassatus
1371 1853 1621 1931 paelicis
1649 1875 1763 1913 usu

460 1939 651 2000 donat
679 1939 1019 1999 Arinthaeo
1046 1959 1061 2011 ;
1109 1960 1315 2019 neque
1344 1944 1507 1999 enim
1532 1944 1658 1999 iam
1685 1942 1905 2021 dignus
1932 1941 2148 2001 haberi

460 2047 574 2086 nec
601 2036 877 2085 maturus
906 2031 1047 2084 emi.
1128 2047 1268 2085 cum
1294 2026 1606 2086 fastiditus
1635 2030 1856 2099 abiret,

460 2133 647 2192 quam
673 2116 932 2191 gemuit,
960 2122 1194 2191 quanto
1219 2114 1462 2191 planxit
1489 2116 1750 2174 divortia
1775 2114 1946 2174 luctu
1974 2115 1986 2173 !
2200 2124 2267 2172 65

462 2210 498 2237 “
520 2199 673 2258 haec
697 2208 851 2269 erat,
874 2198 1017 2269 heu,
1042 2198 1421 2270 Ptolomaee‚
1444 2200 1596 2260 fides
1619 2202 1642 2259 ?
1691 2201 1805 2260 hoc
1830 2200 2063 2280 profuit
2091 2210 2266 2260 aetas

459 2291 524 2344 in
550 2289 784 2365 gremio
812 2294 1175 2364 consumpta
1202 2295 1313 2344 tuo
1339 2286 1659 2365 lectusque
1685 2286 1903 2366 iugalis

462 2382 528 2431 et
553 2373 723 2432 ducti
751 2375 979 2430 totiens
1005 2376 1169 2429 inter
1193 2377 1556 2450 praesaepia
1583 2378 1778 2431 somni
1804 2374 1829 2431 ?

458 2459 710 2517 libertas
736 2461 1032 2536 promissa
1057 2462 1220 2536 perit
1246 2459 1270 2516 ?
1349 2460 1682 2517 viduumne
1709 2458 1999 2537 relinquis

461 2546 828 2622 Eutropium
856 2552 1187 2623 tantasque
1214 2554 1506 2622 premunt
1532 2545 1755 2603 oblivia
1781 2555 2014 2615 nocteS,
2200 2555 2268 2604 70

460 2630 718 2690 crudelis
745 2632 768 2688 ?
848 2634 1090 2709 generis
1118 2651 1229 2708 pro
1259 2652 1385 2689 sors
1415 2632 1735 2690 durissima
1762 2637 1954 2691 nostri
1981 2632 1993 2690 l

459 2716 710 2787 femina,
737 2737 876 2775 cum
904 2721 1128 2787 senuit,
1156 2722 1388 2777 retinet
1415 2719 1676 2776 conubia
1700 2727 1905 2795 partu,

857 2836 878 2868 1
911 2837 1062 2887 codd.
1088 2838 1307 2900 ignem3
1350 2836 1598 2901 Postyate
1622 2836 1849 2887 imbrem

529 2984 549 3014 1
587 2985 611 3034 Ι
670 2983 801 3035 take
854 2984 1100 3048 Ptolemy
1141 2989 1199 3034 to
1242 2984 1381 3034 have
1432 2983 1571 3035 been
1613 3000 1647 3034 a
1688 2986 2061 3045 stationarius,
2105 2986 2191 3036 i.e.
2237 3002 2272 3036 a

456 3055 674 3100 servant
711 3053 767 3100 in
800 3066 834 3100 a
871 3049 1057 3114 public
1090 3050 1424 3114 post-house,
1451 3049 1552 3100 but
1582 3050 1734 3101 there
1767 3053 1812 3101 is
1844 3050 2085 3116 possibly
2120 3067 2271 3102 some

454 3120 637 3232 {ovffit
653 3115 908 3230 lallusion
948 3120 1005 3165 to
1033 3115 1305 3166 stabulum
1335 3117 1392 3165 in
1421 3115 1515 3167 the
1544 3132 1698 3167 sense
1728 3115 1791 3166 of
1822 3116 2202 3181 prostibulum,
2236 3133 2271 3167 a

499 3197 558 3231 ro
623 3197 652 3231 e
676 3218 689 3231 .

468 3266 578 3317 142
