2511 3938
1205 293 1253 352 C
1259 293 1653 352 LAUDIAN

524 470 638 528 per
660 450 856 510 fasces
884 461 1286 511 numerantur
1311 455 1410 510 avi
1435 472 1801 531 semperque
1827 462 2047 513 renata
2266 463 2335 513 15

526 532 848 591 nobilitate
874 537 1096 604 virent,
1125 542 1191 592 et
1215 533 1453 612 prolem
1479 532 1612 593 fata
1636 544 1979 613 sequuntur

506 617 883 673 ,continuum
909 615 1086 673 simili
1113 619 1423 674 servantia
1448 614 1588 694 lege
1616 624 1918 674 tenorem.

524 715 638 755 nec
665 700 988 774 quisquam
1012 716 1335 774 procerum
1361 705 1653 775 temptat,
1679 696 1826 756 lieet
1852 717 1995 756 aere
2022 706 2271 759 vetusto

521 775 740 836 floreat
767 787 833 837 et
859 777 1020 837 claro
1045 782 1329 857 cingatur
1356 778 1552 837 Roma
1577 788 1819 849 senatu,

521 878 587 917 se
612 862 843 918 iactare
868 879 1083 938 parem
1109 879 1125 929 3
1173 860 1305 929 sed,
1330 863 1529 938 prima
1554 860 1702 918 sede
1727 861 1943 919 relicta
2254 869 2326 918 20

521 940 873 1011 Aucheniis,
900 941 979 999 de
1004 945 1136 999 iure
1162 940 1309 999 licet
1334 950 1572 999 certare
1599 942 1868 1000 secundo
1896 960 1912 1001 z

520 1021 687 1080 haud
712 1042 884 1081 secus
913 1042 983 1080 ac
1009 1026 1266 1081 tacitam
1297 1021 1471 1080 Luna
1496 1031 1799 1099 regnante
1825 1042 1938 1101 per
1964 1023 2197 1083 Arcton

517 1103 793 1161 sidereae
819 1103 1052 1162 cedunt
1078 1107 1262 1173 acies,
1287 1123 1428 1161 cum
1453 1102 1645 1161 fratre
1671 1112 1881 1162 retuso

519 1184 795 1242 aemulus
824 1184 1090 1242 adversis
1117 1183 1470 1263 flagraverit
1493 1185 1737 1261 ignibus
1764 1186 1925 1243 orbis
1952 1203 1968 1254 3

519 1274 665 1324 tune
692 1267 868 1324 iubar
897 1266 1143 1323 Arcturi
1169 1266 1447 1344 languet,
1477 1274 1624 1323 tunc
1651 1263 1819 1323 fulva
1849 1266 2073 1324 Leonis
2249 1276 2318 1324 25

514 1350 603 1405 ira
629 1351 813 1425 perit,
841 1345 1120 1405 Plaustro
1146 1350 1271 1405 iam
1297 1366 1435 1405 rara
1458 1349 1809 1405 intermicat
1836 1348 2056 1406 Arctos

513 1428 834 1506 indignata
860 1431 1013 1506 tegi,
1037 1431 1163 1486 iam
1188 1427 1595 1507 caligantibus
1623 1431 1805 1486 armis

516 1509 732 1568 debilis
760 1510 951 1569 Orion
978 1510 1265 1568 dextram
1290 1512 1547 1567 miratur
1570 1512 1858 1569 inertem.

591 1590 794 1664 Quem
820 1595 988 1669 prius
1011 1590 1337 1669 adgrediar
1362 1591 1385 1648 ?
1465 1593 1691 1648 veteris
1714 1594 1848 1668 quis
1875 1589 2043 1649 faeta
2066 1590 2311 1650 Probini

515 1675 749 1730 nesciat
776 1681 885 1731 aut
912 1675 1128 1730 nimias
1156 1671 1371 1729 laudes
1398 1674 1644 1749 ignoret
1672 1671 1889 1751 Olybri
1913 1673 1937 1730 ?
2245 1681 2313 1731 30

587 1753 754 1811 Vivit
780 1752 978 1811 adhue
1004 1751 1397 1830 completque
1425 1755 1594 1830 vagis
1622 1755 2001 1812 sermonibus
2030 1773 2207 1812 aures

510 1832 703 1912 gloria
728 1832 864 1892 fusa
892 1832 1095 1903 Probi,
1121 1853 1308 1912 quam
1333 1853 1458 1892 non
1483 1842 1745 1892 ventura
1770 1834 2039 1893 silebunt

509 1915 701 1974 lustra
727 1934 842 1974 nec
867 1918 1082 1994 ignota
1106 1918 1310 1993 rapiet
1334 1916 1449 1975 sub
1475 1917 1641 1975 nube
1667 1924 1965 1976 vetustas.

507 1996 679 2055 illum
702 1995 870 2055 fama
895 1996 1067 2056 vehit
1092 2005 1262 2055 trans
1290 2016 1559 2075 aequora
1584 2006 1877 2076 transque
1903 2006 2172 2058 remotas

505 2077 778 2156 Tethyos
807 2079 1099 2156 ambages
1127 2078 1578 2156 Atlanteosque
1603 2098 1896 2138 recessus,
2240 2087 2310 2138 35

508 2159 705 2217 audiit
732 2167 798 2217 et
823 2158 1028 2237 gelido
1055 2162 1105 2217 si
1132 2178 1320 2237 quem
1349 2160 1628 2218 Maeotia
1652 2163 1850 2237 pascit

507 2241 621 2298 sub
649 2241 795 2298 Iove
823 2240 920 2298 vel
946 2240 1143 2299 calido
1169 2245 1219 2299 si
1247 2244 1383 2318 quis
1409 2244 1766 2299 coniunctus
1789 2245 1855 2299 in
1883 2260 1999 2300 axe

505 2330 865 2381 nascentem
890 2330 978 2391 te,
1007 2322 1166 2392 Nile,
1191 2323 1371 2380 bibit.
1451 2323 1779 2381 virtutibus
1804 2321 1906 2380 ille

505 2404 840 2462 Fortunam
867 2403 1106 2463 domuit
1131 2422 1596 2482 numquamque
1618 2402 1964 2463 levantibus
1992 2402 2119 2462 alte

502 2487 799 2543 intumuit
823 2486 1006 2543 rebus
1032 2503 1048 2554 ;
1096 2485 1208 2543 sed
1232 2504 1407 2543 mens
1433 2483 1783 2543 circumflua
1808 2485 1959 2544 luxu
2236 2494 2307 2544 40

503 2574 759 2624 noverat
783 2569 1087 2624 intactum
1112 2569 1264 2625 vitio
1291 2585 1533 2625 servare
1558 2569 1845 2644 rigorem.

502 2647 599 2706 hie
624 2668 749 2705 non
775 2646 1019 2705 divitias
1045 2649 1429 2726 nigrantibus
1456 2647 1695 2706 abdidit
1722 2650 1912 2705 antris

504 2749 619 2788 nec
645 2729 917 2788 tenebris
944 2729 1263 2788 damnavit
1288 2748 1436 2805 opes
1462 2747 1480 2798 ;
1526 2729 1638 2787 sed
1660 2727 1885 2807 largior
1907 2730 2105 2786 imbre

502 2818 790 2870 sueverat
813 2813 1164 2868 innumeras
1190 2809 1507 2868 hominum
1533 2810 1732 2869 ditare
1759 2819 2058 2869 catervas,

568 3057 587 3088 1
624 3056 831 3107 Probus
867 3070 977 3104 was
1010 3054 1147 3105 born
1181 3055 1352 3105 about
1384 3058 1485 3106 332
1513 3029 1630 3108 and
1666 3054 1789 3106 died
1824 3056 1994 3106 about
2026 3033 2161 3106 8290.
2216 3054 2304 3107 He

499 3138 608 3172 was
646 3120 872 3185 (among
911 3135 1077 3184 many
1116 3119 1269 3171 other
1305 3119 1510 3186 things)
1549 3120 1836 3186 proconsul
1873 3120 1935 3171 of
1969 3120 2156 3171 Africa
2191 3120 2304 3173 and

496 3186 797 3254 praefectus
821 3185 883 3236 of
903 3185 1196 3250 Illyricum.

500 3273 538 3324 4
