2511 3938
1118 308 1564 367 CLAUDIAN

516 480 554 509 “
577 472 711 530 Hoc
728 470 879 529 mihi
898 475 1021 530 iam
1038 472 1280 549 pridem
1300 470 1587 530 Lachesis
1608 472 1961 550 grandaeva
1980 472 2249 530 canebat

439 569 764 645 augurium
793 586 807 623 :
857 565 1163 644 Phrygiae
1190 585 1364 624 casus
1392 569 1630 624 venisse
1658 584 1974 644 supremos

439 659 724 739 delapsus
752 668 1022 719 testatur
1050 679 1230 738 apex.
1310 659 1433 718 heu
1460 664 1759 739 sanguine
1787 660 1981 738 qualis
2145 667 2248 718 290

438 754 554 812 ibit
581 752 910 832 Sangarius
938 762 1326 832 quantasque
1353 754 1653 813 cadavera
1678 754 1833 814 lenti

442 847 769 907 Maeandri
794 867 1050 925 passura
1074 848 1311 906 moras!
1391 848 1694 907 inmobilis
1721 848 1940 908 haeret

439 946 760 1011 terminus,
788 941 941 999 haec
968 941 1202 1000 dudum
1229 950 1378 1000 nato
1404 941 1691 1019 placuere
1718 942 2004 1001 Tonanti.

440 1055 552 1114 par
579 1045 646 1095 et
673 1035 945 1094 finitimis
972 1034 1194 1106 luctus,
1220 1034 1573 1114 frustraque
1603 1036 1797 1115 Lyaei

442 1151 564 1190 non
591 1129 949 1188 defensuros
976 1129 1264 1208 implorat
1294 1130 1493 1210 Lydia
1520 1130 1783 1209 thyrsos,
2146 1141 2249 1189 295

440 1227 688 1303 iamque
715 1223 851 1283 vale
880 1224 1185 1303 Phrygiae
1213 1224 1397 1283 tellus
1423 1229 1823 1304 perituraque
1852 1225 2110 1284 flammis

442 1320 706 1388 moenia,
733 1313 1087 1396 conspicuas
1115 1338 1276 1396 quae
1304 1340 1465 1378 nunc
1494 1319 1775 1379 attollitis
1804 1340 1994 1391 arceS,

443 1434 586 1472 mox
614 1416 815 1491 campi
841 1413 1199 1491 nudumque
1227 1412 1424 1472 solum
1451 1414 1464 1472 l
1515 1414 1743 1474 dilecta
1768 1415 1972 1474 valete

442 1506 696 1566 flumina
722 1507 735 1565 1
816 1528 941 1566 non
968 1511 1184 1566 vestris
1212 1508 1375 1566 ultra
1400 1508 1744 1568 bacchabor
1769 1513 1835 1567 in
1862 1513 2054 1569 antris

443 1622 557 1661 nec
582 1605 729 1680 iuga
755 1600 1018 1660 sulcabit
1042 1609 1253 1662 noster
1279 1602 1691 1682 Berecynthia
1717 1601 1991 1662 currus.''
2148 1612 2250 1662 300

442 1695 602 1755 dixit
629 1705 696 1755 et
723 1696 803 1754 ad
829 1698 1038 1754 tristes
1065 1700 1370 1755 convertit
1397 1705 1696 1776 tympana
1720 1697 2024 1776 planctus,

442 1789 759 1849 labentem
784 1782 1050 1867 patriam
1077 1793 1261 1848 sacris
1289 1789 1622 1849 ululatibus
1651 1793 1819 1851 Attis

442 1893 735 1963 personat
763 1892 829 1942 et
855 1887 1013 1942 torvi
1039 1883 1301 1942 lacrimis
1328 1886 1623 1945 maduere
1651 1886 1880 1945 leones,

520 1980 874 2057 Eutropius,
902 1988 1177 2057 nequeat
1204 1984 1481 2058 quamvis
1508 1983 1846 2042 metuenda
1873 1985 2066 2042 taceri

443 2073 648 2132 clades
678 2083 744 2133 et
771 2074 1048 2151 trepidus
1075 2073 1421 2152 vulgaverit
1447 2080 1652 2135 omnia
1677 2098 1904 2147 rumor,
2151 2087 2254 2137 305

442 2173 726 2247 ignorare
754 2178 967 2228 tamen
995 2168 1174 2247 fingit
1199 2174 1499 2248 regnique
1526 2175 1731 2245 ruinas

444 2262 789 2322 dissimulat
815 2283 830 2322 ε
877 2283 1131 2341 parvam
1157 2262 1466 2323 latronum
1495 2285 1697 2324 errare
1724 2274 2058 2336 catervam,

443 2357 527 2416 ad
553 2366 762 2416 sontes
790 2366 1102 2416 tormenta
1128 2362 1325 2435 magis
1354 2378 1540 2436 quam
1568 2358 1696 2418 tela
1721 2364 1921 2437 parari

444 2471 561 2511 nec
588 2452 744 2510 duce
772 2450 1145 2530 frangendas
1170 2455 1386 2522 iactat,
1414 2452 1526 2511 sed
1551 2454 1750 2512 iudice
1777 2457 1935 2513 vires
1963 2475 1977 2512 :

444 2554 623 2604 vasta
649 2544 820 2603 velut
849 2544 1084 2624 Libyae
1112 2554 1450 2603 venantum
1476 2549 1724 2606 vocibus
1752 2547 1878 2607 ales
2153 2557 2255 2606 310

447 2661 589 2699 cum
614 2643 916 2718 premitur
942 2639 1168 2698 calidas
1196 2660 1376 2698 cursu
1404 2646 1772 2701 transmittit
1798 2642 2057 2702 harenas

445 2737 635 2811 inque
662 2733 914 2792 modum
941 2733 1059 2792 veli
1087 2737 1343 2793 sinuatis
1370 2734 1617 2794 flamine
1643 2739 1862 2814 pennis

448 2827 880 2907 pulverulenta
905 2826 1074 2886 volat
1099 2847 1115 2898 ;
1164 2831 1213 2886 si
1239 2831 1365 2886 iam
1391 2832 1654 2907 vestigia
1679 2840 1845 2890 retro

449 2922 612 2980 clara
638 2930 881 2991 sonent,
909 2920 1101 2980 oblita
1126 2920 1315 3000 fugae
1343 2931 1472 2981 stat
1497 2922 1726 2982 lumine
1753 2924 1959 2984 clauso

447 3016 799 3095 (ridendum
827 3015 865 3092 Ξ)
893 3014 1173 3073 revoluta
1198 3026 1387 3092 caput
1413 3017 1977 3096 creditque‘latere‚
2155 3029 2257 3078 315

449 3130 635 3189 quem
662 3131 785 3168 non
811 3114 945 3188 ipsa
970 3110 1162 3169 videt.
1241 3109 1455 3169 furtim
1483 3121 1696 3171 tamen
1723 3115 1914 3172 ardua
1940 3117 2137 3174 mittit

449 3228 568 3290 206
