2511 3938
1187 303 1636 362 CLAUDIAN

510 471 732 545 accipit
757 466 859 525 ille
885 488 1099 546 preces
1127 472 1323 527 varias
1352 468 1654 546 tardeque
1681 476 1934 547 rogatus

512 559 826 624 adnuitet
853 579 1078 638 magno
1104 580 1325 638 pacem
1350 580 1464 638 pro
1490 579 1746 618 munere
1774 559 1988 619 donat.

509 649 840 709 nobilitant
861 659 1105 710 veteres
1130 650 1498 710 Germanica
1519 650 1774 710 foedera
1797 650 2051 721 DrusoS,
2215 662 2324 710 455

514 739 723 799 Marte
753 741 865 801 sed
894 745 1166 820 ancipiti,
1195 742 1308 801 sed
1335 741 1543 801 multis
1573 742 1846 801 cladibus
1877 750 2167 819 empta—-

513 835 649 910 quis
678 836 909 891 victum
937 837 1221 892 meminit
1248 833 1377 892 sola
1403 832 1728 892 formidine
1758 830 2044 892 Rhenum
2069 834 2092 891 ?

512 924 679 1001 quod
706 922 903 1002 longis
934 923 1035 983 alii
1064 923 1238 983 bellis
1267 932 1529 1002 potuere
1558 927 1804 995 mereri,

513 1012 628 1073 hoc
655 1015 771 1073 tibi
797 1014 908 1074 dat
933 1014 1282 1074 Stilichonis
1307 1018 1449 1074 iter.

1591 1105 1740 1165 Post
1770 1109 1899 1166 otia
1930 1105 2090 1164 Galli

512 1196 724 1255 limitis
754 1194 1015 1255 hortaris
1048 1196 1265 1256 Graias
1294 1196 1509 1256 fulcire
1539 1201 1766 1256 ruinaS.
2222 1206 2331 1255 460

516 1287 758 1346 Ionium
785 1292 1020 1367 tegitur
1046 1288 1194 1348 velis
1221 1292 1517 1367 ventique
1543 1288 1827 1348 laborant

512 1384 613 1437 tot
641 1400 892 1439 curvare
922 1384 1088 1439 sinus
1118 1388 1589 1458 servaturasque
1620 1379 1982 1439 Corinthum

513 1474 906 1548 prosequitur
936 1469 1100 1529 facili
1134 1471 1462 1549 Neptunus
1494 1474 1742 1549 gurgite
1774 1470 2018 1541 classeS,

516 1568 583 1618 et
608 1580 785 1637 puer,
816 1560 1129 1620 Isthmiaci
1155 1565 1281 1620 iam
1308 1562 1548 1639 pridem
1575 1560 1768 1621 litoris
1799 1560 1962 1631 exul,

516 1670 730 1709 secura
760 1656 993 1730 repetit
1023 1661 1237 1730 portus
1271 1672 1411 1711 cum
1442 1660 1643 1711 matre
1678 1651 2029 1711 Palaemon.
2224 1662 2335 1711 465

516 1742 791 1820 plaustra
818 1763 1032 1801 cruore
1060 1752 1284 1802 natant
1311 1762 1325 1801 ε
1375 1747 1633 1802 metitur
1658 1742 1875 1820 pellita
1901 1747 2190 1801 iuventus
2215 1763 2231 1802 z

516 1853 657 1910 pars
684 1834 919 1902 morbo,
945 1854 1085 1911 pars
1115 1854 1263 1892 ense
1288 1837 1473 1912 perit.
1553 1854 1677 1892 non
1702 1833 1898 1892 lustra
1927 1834 2177 1913 Lycaei,

516 1944 640 1983 non
669 1924 1131 2004 Erymantheae
1159 1928 1285 1984 iam
1313 1928 1490 2003 copia
1518 1924 1739 1985 sufficit
1766 1925 2021 1984 umbrae

517 2019 852 2075 innumeris
884 2025 1105 2075 exusta
1131 2021 1317 2096 rogiS,
1345 2017 1705 2094 nudataque
1732 2015 1896 2076 ferro

517 2110 602 2165 sic
632 2106 922 2186 flagrasse
953 2127 1092 2166 suas
1121 2107 1438 2167 laetantur
1470 2106 1762 2166 Maenala
1791 2106 1991 2165 silvas.
2221 2116 2331 2165 470

520 2202 796 2258 excutiat
826 2203 1060 2258 cineres
1091 2199 1365 2279 Ephyre,
1395 2198 1733 2277 Spartanus
1765 2206 1832 2257 et
1861 2199 2051 2257 Arcas

520 2294 713 2348 tutior
740 2294 1037 2368 exanguis
1063 2291 1326 2368 pedibus
1352 2289 1673 2368 proculcet
1700 2309 1946 2348 acervos

520 2379 806 2460 fessaque
835 2385 1110 2459 pensatis
1140 2385 1404 2458 respiret
1435 2381 1696 2440 Graecia
1723 2383 1938 2457 poenis
1965 2380 1981 2438 l

520 2492 694 2551 genS,
724 2492 847 2550 qua
875 2493 999 2530 non
1029 2470 1345 2551 Scythicos
1374 2470 1645 2530 diffusior
1673 2470 1798 2529 ulla
1824 2470 2076 2529 Triones

519 2563 793 2633 incoluit,
824 2566 921 2622 cui
950 2583 1173 2641 parvus
1204 2563 1404 2621 Athos
1436 2570 1825 2640 angustaque
1854 2561 2112 2631 Thrace,
2223 2570 2331 2619 475

479 2678 486 2686 ·
522 2676 661 2714 cum
688 2658 999 2724 transiret,
1029 2663 1184 2724 erat,
1209 2674 1323 2732 per
1349 2663 1415 2713 te
1442 2657 1725 2733 viresque
1753 2661 2000 2712 tuorum

520 2746 718 2805 fracta
744 2746 970 2804 ducum
996 2745 1298 2825 lugetque
1325 2745 1439 2804 sibi
1466 2747 1591 2803 iam
1617 2765 1755 2803 rara
1781 2751 2116 2821 supersteS‚

522 2844 608 2906 et,
638 2856 897 2914 quorum
926 2836 1146 2894 turbae
1175 2838 1445 2914 spatium
1471 2837 1574 2892 vix
1600 2834 1890 2912 praebuit
1918 2834 2101 2904 orbiS,

522 2947 644 2986 uno
672 2926 824 2984 colle
851 2926 1073 2985 latent.
1152 2930 1365 2985 sitiens
1391 2924 1748 3004 inclusaque
1776 2924 1934 2984 vallo

1239 3173 1262 3203 ¹
1304 3195 1347 3215 =
1359 3171 1605 3225 Corinth.

526 3261 644 3314 320
