2511 3938
1110 322 1558 382 CLAUDIAN

434 491 793 562 praetentas
821 484 1028 542 vitiis?
1072 481 1081 484 Ἴ
1107 484 1434 561 probitatis
1460 487 1685 542 inertia
1710 502 1956 553 nomen,

434 578 709 633 iustitiae
735 573 997 633 formido
1024 575 1210 632 subit.
1291 573 1581 633 tolerabis
1607 578 1881 653 iniquam

436 669 817 744 pauperiem,
844 686 985 723 cum
1011 665 1140 724 tela
1165 685 1345 744 geras
1372 667 1395 724 ?
1447 674 1513 724 et
1539 664 1713 724 flebis
1739 664 1992 733 inultuS‚

437 777 577 815 cum
603 766 865 834 pateant
892 765 1108 815 tantae
1136 756 1315 815 nullis
1343 751 1697 816 custodibus
1726 757 1906 815 urbes
1933 756 1956 814 ?
2142 762 2246 812 210

515 855 552 882 “
572 845 826 924 Quippe
848 855 1051 905 metus
1072 865 1334 924 poenae.
1413 847 1654 926 pridem
1688 866 1818 904 mos
1845 845 1948 903 ille
1969 845 2246 923 vigebat,

439 944 512 994 ut
538 939 790 994 meritos
817 934 1092 994 colerent
1117 939 1563 1014 impacatisque
1590 934 1851 994 rebelles

439 1034 734 1104 urgerent
762 1025 914 1084 odiis
942 1044 957 1094 ;
1007 1034 1074 1084 at
1100 1046 1284 1095 nunc,
1312 1029 1416 1104 qui
1443 1024 1696 1084 foedera
1721 1028 1975 1103 rumpit,

440 1115 676 1175 ditatur
702 1135 717 1185 ;
767 1119 872 1194 qui
899 1125 1124 1186 servat,
1153 1125 1321 1193 eget.
1400 1125 1674 1174 vastator
1701 1116 1972 1174 Achivae

440 1210 645 1285 gentis
675 1215 741 1265 et
767 1206 1023 1284 Epirum
1049 1226 1246 1284 nuper
1272 1206 1601 1285 populatus
1627 1205 1889 1265 inultam
2146 1212 2249 1261 215

442 1296 757 1374 praesidet
786 1295 1027 1375 Illyrico
1053 1315 1069 1365 3
1116 1300 1263 1367 iam,
1291 1316 1442 1374 quos
1470 1297 1734 1366 obsedit,
1762 1299 1985 1354 amicos

441 1386 789 1464 ingreditur
814 1406 1018 1445 muros
1044 1385 1160 1444 illis
1186 1406 1480 1464 responsa
1505 1386 1760 1445 daturus
1767 1428 1783 1456 ,

444 1496 706 1553 quorum
732 1477 1090 1554 coniugibus
1116 1479 1355 1553 potitur
1380 1485 1682 1554 natosque
1709 1478 1995 1554 peremit.

443 1569 528 1623 sic
555 1565 763 1624 hostes
789 1569 1009 1643 punire
1037 1564 1259 1635 solent,
1287 1566 1440 1625 haec
1465 1569 1740 1644 praemia
1767 1564 2010 1624 solvunt

446 1655 717 1714 excidiiS.
797 1659 1100 1713 cunctaris
1129 1655 1328 1714 adhuc
1355 1675 1802 1734 numerumque
1830 1663 2077 1713 tuorum
2148 1662 2252 1711 220

442 1748 691 1822 respicis
720 1748 1132 1823 exiguamque
1159 1746 1457 1804 manum?
1537 1752 1610 1804 tu
1634 1764 1852 1823 rumpe
1880 1748 2158 1822 quietem
2180 1762 2196 1813 ;

444 1833 606 1892 bella
633 1833 872 1892 dabunt
898 1838 1110 1893 socios.
1191 1855 1305 1893 nec
1333 1843 1399 1893 te
1427 1843 1558 1894 tam
1583 1854 1777 1912 prona
1803 1854 2140 1903 monerem,

446 1927 497 1982 si
524 1932 737 1983 contra
762 1931 1049 2002 paterere
1076 1927 1235 1984 viros
1263 1945 1277 1984 ι
1320 1945 1482 1985 nunc
1510 1923 1667 1984 alter
1690 1928 1756 1983 in
1783 1927 1963 1984 armis

447 2033 631 2072 sexus
661 2022 727 2072 et
755 2013 1048 2072 eunuchis
1076 2034 1141 2073 se
1170 2013 1593 2074 defensoribus
1621 2017 1781 2074 orbis

447 2104 746 2172 credidit3
779 2102 889 2162 hos
919 2103 1161 2182 aquilae
1190 2104 1591 2184 Romanaque
1619 2109 1795 2183 signa
1822 2112 2183 2183 sequuntur.

445 2197 647 2271 incipe
675 2194 1029 2252 barbaricae
1058 2194 1314 2253 tandem
1342 2204 1407 2253 te
1434 2194 1693 2253 reddere
1721 2198 1908 2264 vitae,
2150 2202 2254 2251 226

448 2289 515 2340 te
544 2303 789 2361 quoque
817 2287 940 2341 iam
967 2287 1232 2342 timeant
1260 2284 1761 2362 admirenturque
1790 2292 2139 2354 nocentem,

449 2393 636 2451 quem
663 2392 948 2451 sprevere
974 2377 1164 2450 pium.
1245 2372 1449 2452 spoliis
1475 2373 1830 2452 praedaque
1857 2372 2130 2451 repletus

449 2483 590 2522 cum
615 2463 810 2521 libeat
836 2462 1145 2521 Romanus
1175 2462 1355 2522 eriS.'’

1451 2550 1547 2611 Sic
1573 2551 1707 2611 fata
1733 2561 1992 2630 repente

447 2645 513 2700 in
541 2642 736 2700 diram
763 2661 829 2699 se
857 2645 1045 2701 vertit
1073 2663 1249 2701 avem
1276 2651 1595 2721 rostroque
1622 2662 1874 2701 recurvo
2152 2650 2256 2700 230

449 2736 645 2809 turpis
675 2740 741 2790 et
766 2730 1017 2790 infernis
1046 2733 1318 2790 tenebris
1346 2733 1653 2791 obscurior
1679 2731 1804 2790 alas

452 2824 789 2899 auspicium
816 2824 1012 2879 veteri
1039 2822 1202 2880 sedit
1227 2820 1419 2880 ferale
1447 2820 1743 2900 sepulcro.

531 2909 664 2981 Ille,
689 2930 879 2988 pavor
903 2920 1233 2989 postquam
1259 2910 1530 2970 resoluto
1556 2912 1739 2970 corde
1767 2914 2002 2989 quievit

523 3121 543 3151 ¹
580 3120 762 3170 Alaric
800 3136 909 3170 was
949 3118 1107 3170 made
1144 3121 1398 3184 maqister
1435 3121 1671 3171 militum
1706 3123 1762 3171 in
1798 3121 2107 3186 Illyricum:
2166 3138 2257 3173 see

449 3184 838 3246 Introduction,
863 3202 918 3250 p.
942 3202 994 3237 x.

453 3270 571 3321 200
