2511 3938
1127 358 1575 420 CLAUDIAN

445 525 765 599 inceptum
790 529 1124 600 peragetur
1151 539 1326 597 opus,
1403 522 1528 578 iam
1554 527 1778 578 cuncta
1802 516 2072 576 furorem

450 624 557 700 qui
582 628 821 700 gravat,
849 620 1106 678 efficiam
1131 619 1424 677 leviorem
1448 618 1723 696 pondere
1748 616 1928 675 lanae

450 719 828 798 Tarbigilum
853 719 1160 788 timidum,
1188 717 1657 795 desertoresque
1687 714 2085 793 Gruthungos

453 826 524 877 ut
550 822 802 876 miseras
827 816 1168 896 populabor
1194 835 1338 876 oves
1367 824 1434 875 et
1458 835 1612 894 pace
1638 814 1837 873 relata
2154 818 2260 868 400

452 920 712 995 pristina
738 920 1064 975 restituam
1095 915 1393 995 Phrygias
1424 915 1504 974 ad
1531 917 1798 973 stamina
1825 909 2117 971 matreS.”

532 1015 645 1074 His
672 1016 850 1075 dictis
875 1018 1102 1074 iterum
1129 1015 1329 1084 sedit3
1371 1013 1443 1073 fit
1467 1013 1715 1092 plausus
1744 1021 1811 1072 et
1834 1015 2052 1090 ingens

455 1114 690 1173 concilii
717 1113 963 1184 clamor,
991 1113 1186 1192 qualis
1212 1115 1641 1172 resonantibus
1669 1112 1814 1171 olim

457 1216 731 1272 exoritur
756 1215 955 1271 caveis
961 1256 978 1283 ,
1005 1215 1291 1292 quotiens
1318 1215 1569 1272 crinitus
1598 1210 1873 1289 ephebus

456 1320 567 1370 aut
592 1311 854 1390 rigidam
881 1311 1124 1371 Nioben
1151 1319 1262 1370 aut
1287 1310 1543 1374 flentem
1568 1310 1810 1369 Troada
1836 1308 2035 1386 fingit.
2159 1314 2263 1363 405

457 1414 735 1488 protinus
765 1413 980 1469 excitis
1006 1414 1127 1469 iter
1151 1408 1551 1469 inremeabile
1578 1412 1765 1487 signis

458 1509 686 1588 adripit
709 1509 1104 1588 infaustoque
1130 1509 1308 1568 iubet
1332 1509 1581 1567 bubone
1607 1510 1839 1566 moveri

461 1612 707 1687 agmina
737 1607 1108 1687 Mygdonias
1135 1627 1281 1666 mox
1305 1605 1638 1685 impletura
1663 1605 1957 1665 volucres·

538 1706 797 1765 Pulcher
825 1715 890 1765 et
917 1708 1189 1765 urbanae
1216 1708 1469 1784 cupiens
1497 1708 1803 1764 exercitus
1830 1703 2107 1771 umbrae,

461 1805 750 1865 adsiduus
777 1803 956 1874 ludis,
986 1805 1196 1864 avidus
1224 1804 1549 1883 splendere
1575 1804 1829 1863 lavacris
2164 1809 2269 1858 410

461 1924 576 1963 nec
603 1904 760 1962 soles
785 1904 1089 1962 imbresve
1115 1907 1270 1983 pati,
1298 1903 1686 1983 multumque
1711 1904 1897 1981 priori

462 2003 689 2082 dispar,
716 2004 829 2061 sub
857 2002 1053 2081 clipeo
1078 2003 1384 2061 Thracum
1411 2007 1516 2081 qui
1541 2002 1703 2061 ferre
1730 2005 1999 2080 pruinas,

463 2102 611 2161 dum
638 2100 889 2161 Stilicho
916 2110 1185 2181 regeret,
1212 2102 1503 2180 nudoque
1529 2101 1801 2159 hiemare
1829 2101 1942 2158 sub
1971 2119 2087 2158 axe

463 2209 750 2261 sueverat
778 2209 845 2259 et
871 2201 1036 2260 duris
1063 2200 1308 2259 haurire
1334 2201 1702 2279 bipennibus
1730 2199 2031 2257 Hebrum.

465 2321 604 2359 cum
631 2300 788 2359 duce
816 2308 1097 2359 mutatae
1124 2303 1303 2358 vires,
1382 2300 1682 2379 Byzantia
1707 2299 1892 2357 robur
2164 2305 2268 2354 415

461 2397 655 2477 fregit
676 2398 946 2457 luxuries
974 2398 1409 2477 Ancyranique
1436 2396 1751 2475 triumphi.

464 2517 588 2556 non
612 2497 892 2574 peditem
916 2497 1235 2575 praecedit
1263 2516 1452 2574 eques
1479 2515 1495 2565 3
1543 2516 1667 2554 non
1700 2493 2021 2553 commoda
2055 2495 2270 2552 castris

467 2595 714 2675 eligitur
738 2598 910 2674 regio
937 2614 952 2664 ;
1000 2597 1231 2654 vicibus
1259 2595 1537 2654 custodia
1562 2592 1741 2653 nullis

466 2693 761 2772 advigilat
787 2692 944 2752 vallo
970 2713 987 2764 ;
1033 2714 1157 2752 non
1186 2692 1584 2771 explorantur
1611 2692 1851 2751 eundae

463 2792 879 2870 vitandaeque
907 2795 1042 2850 viae
1069 2811 1086 2861 ;
1133 2791 1299 2851 nullo
1326 2811 1393 2850 se
1420 2812 1648 2851 cornua
1672 2789 1935 2850 flectunt
2168 2797 2271 2846 420

465 2891 679 2951 ordine
707 2911 721 2949 ε
763 2889 998 2950 confusi
1023 2894 1251 2968 passim
1276 2910 1390 2968 per
1415 2910 1607 2968 opaca
1632 2897 1938 2967 vagantur

464 2990 680 3060 lustra,
706 3009 819 3068 per
843 2992 1086 3067 ignotas
1115 2997 1379 3067 angusto
1406 2992 1657 3047 tramite
1684 2986 1892 3046 valles,

542 3153 564 3183 ²
596 3151 883 3215 Triumphi
920 3152 966 3202 is
1010 3149 1248 3201 ironical.
1338 3148 1604 3201 Claudian
1648 3147 1812 3198 refers
1856 3152 1920 3197 to
1958 3145 2273 3212 Eutropius’

470 3216 716 3282 pleasure
731 3216 962 3282 journey
983 3221 1040 3268 to
1064 3216 1316 3281 Ancyraz
1349 3216 1420 3281 cf.
1444 3215 1479 3266 l.
1504 3219 1570 3266 98
1593 3214 1655 3265 of
1671 3212 1779 3264 this
1802 3228 1978 3277 poem.

474 3306 592 3356 214
