<?xml version="1.0" encoding="UTF-8"?>
<!DOCTYPE html PUBLIC "-//W3C//DTD XHTML 1.0 Transitional//EN"
    "http://www.w3.org/TR/xhtml1/DTD/xhtml1-transitional.dtd">
<html xmlns="http://www.w3.org/1999/xhtml" xml:lang="en" lang="en">
 <head>
  <title>
</title>
<meta http-equiv="Content-Type" content="text/html;charset=utf-8" />
  <meta name='ocr-system' content='tesseract 3.04.00' />
  <meta name='ocr-capabilities' content='ocr_page ocr_carea ocr_par ocr_line ocrx_word'/>
</head>
<body>
  <div class='ocr_page' id='page_1' title='image "./claudianvolume00claugoog_0102.png"; bbox 0 0 2511 3938; ppageno 0'>
   <div class='ocr_carea' id='block_1_1' title="bbox 1210 363 1658 423">
    <p class='ocr_par' dir='ltr' id='par_1_1' title="bbox 1210 363 1658 423">
     <span class='ocr_line' id='line_1_1' title="bbox 1210 363 1658 423; baseline 0 -1"><span class='ocrx_word' id='word_1_1' title='bbox 1210 363 1658 423; x_wconf 92' lang='lat' dir='ltr'><strong>CLAUDIAN</strong></span> 
     </span>
    </p>
   </div>
   <div class='ocr_carea' id='block_1_2' title="bbox 534 520 2353 3272">
    <p class='ocr_par' dir='ltr' id='par_1_2' title="bbox 534 520 2029 601">
     <span class='ocr_line' id='line_1_2' title="bbox 534 520 2029 601; baseline 0.001 -24"><span class='ocrx_word' id='word_1_2' title='bbox 534 523 783 598; x_wconf 80' lang='lat' dir='ltr'><strong>agmina</strong></span> <span class='ocrx_word' id='word_1_3' title='bbox 807 540 823 590; x_wconf 80' lang='lat'>3</span> <span class='ocrx_word' id='word_1_4' title='bbox 870 520 1173 580; x_wconf 89' lang='lat' dir='ltr'><strong>fraternas</strong></span> <span class='ocrx_word' id='word_1_5' title='bbox 1202 542 1281 580; x_wconf 90' lang='lat' dir='ltr'><strong>ex</strong></span> <span class='ocrx_word' id='word_1_6' title='bbox 1310 543 1508 601; x_wconf 88' lang='lat' dir='ltr'><strong>aequo</strong></span> <span class='ocrx_word' id='word_1_7' title='bbox 1535 522 1771 582; x_wconf 91' lang='lat' dir='ltr'><strong>dividat</strong></span> <span class='ocrx_word' id='word_1_8' title='bbox 1798 523 2029 590; x_wconf 88' lang='lat' dir='ltr'><strong>hastas,</strong></span> 
     </span>
    </p>

    <p class='ocr_par' dir='ltr' id='par_1_3' title="bbox 534 624 2009 701">
     <span class='ocr_line' id='line_1_3' title="bbox 534 624 2009 701; baseline 0.002 -22"><span class='ocrx_word' id='word_1_9' title='bbox 534 641 649 680; x_wconf 89' lang='lat' dir='ltr'><strong>nec</strong></span> <span class='ocrx_word' id='word_1_10' title='bbox 676 628 902 701; x_wconf 78' lang='lat' dir='ltr'><strong>sceptri</strong></span> <span class='ocrx_word' id='word_1_11' title='bbox 928 633 1175 683; x_wconf 89' lang='lat' dir='ltr'><strong>tantum</strong></span> <span class='ocrx_word' id='word_1_12' title='bbox 1201 624 1412 696; x_wconf 88' lang='lat' dir='ltr'><strong>fueris,</strong></span> <span class='ocrx_word' id='word_1_13' title='bbox 1438 626 1550 684; x_wconf 92' lang='lat' dir='ltr'><strong>sed</strong></span> <span class='ocrx_word' id='word_1_14' title='bbox 1575 625 1783 684; x_wconf 89' lang='lat' dir='ltr'><strong>militis</strong></span> <span class='ocrx_word' id='word_1_15' title='bbox 1810 626 2009 683; x_wconf 80' lang='lat' dir='ltr'><strong>hereS.</strong></span> 
     </span>
    </p>

    <p class='ocr_par' dir='ltr' id='par_1_4' title="bbox 536 726 1983 802">
     <span class='ocr_line' id='line_1_4' title="bbox 536 726 1983 802; baseline 0.002 -19"><span class='ocrx_word' id='word_1_16' title='bbox 536 726 753 802; x_wconf 89' lang='lat' dir='ltr'><strong>quodsi</strong></span> <span class='ocrx_word' id='word_1_17' title='bbox 779 727 1119 787; x_wconf 85' lang='lat' dir='ltr'><strong>dissimulas</strong></span> <span class='ocrx_word' id='word_1_18' title='bbox 1147 738 1394 788; x_wconf 90' lang='lat' dir='ltr'><strong>nostrae</strong></span> <span class='ocrx_word' id='word_1_19' title='bbox 1422 749 1771 788; x_wconf 87' lang='lat' dir='ltr'><strong>succurrere</strong></span> <span class='ocrx_word' id='word_1_20' title='bbox 1798 733 1983 787; x_wconf 90' lang='lat' dir='ltr'><strong>morti</strong></span> 
     </span>
    </p>

    <p class='ocr_par' dir='ltr' id='par_1_5' title="bbox 536 831 2351 911">
     <span class='ocr_line' id='line_1_5' title="bbox 536 831 2351 911; baseline -0.001 -23"><span class='ocrx_word' id='word_1_21' title='bbox 536 849 651 888; x_wconf 89' lang='lat' dir='ltr'><strong>nec</strong></span> <span class='ocrx_word' id='word_1_22' title='bbox 675 831 1001 908; x_wconf 89' lang='lat' dir='ltr'><strong>prohibere</strong></span> <span class='ocrx_word' id='word_1_23' title='bbox 1027 853 1228 911; x_wconf 91' lang='lat' dir='ltr'><strong>paras,</strong></span> <span class='ocrx_word' id='word_1_24' title='bbox 1261 833 1482 892; x_wconf 89' lang='lat' dir='ltr'><strong>Manes</strong></span> <span class='ocrx_word' id='word_1_25' title='bbox 1511 842 1577 893; x_wconf 89' lang='lat' dir='ltr'><strong>et</strong></span> <span class='ocrx_word' id='word_1_26' title='bbox 1603 834 1803 896; x_wconf 88' lang='lat' dir='ltr'><strong>sidera</strong></span> <span class='ocrx_word' id='word_1_27' title='bbox 1829 841 2025 892; x_wconf 89' lang='lat' dir='ltr'><strong>testor</strong></span> <span class='ocrx_word' id='word_1_28' title='bbox 2052 851 2066 889; x_wconf 73' lang='grc' dir='ltr'><strong>ε</strong></span> <span class='ocrx_word' id='word_1_29' title='bbox 2247 837 2351 886; x_wconf 84' lang='grc'><strong>165</strong></span> 
     </span>
    </p>

    <p class='ocr_par' dir='ltr' id='par_1_6' title="bbox 535 929 2063 1005">
     <span class='ocr_line' id='line_1_6' title="bbox 535 929 2063 1005; baseline 0.001 -16"><span class='ocrx_word' id='word_1_30' title='bbox 535 929 690 991; x_wconf 89' lang='lat' dir='ltr'><strong>haec</strong></span> <span class='ocrx_word' id='word_1_31' title='bbox 715 937 920 991; x_wconf 85' lang='lat' dir='ltr'><strong>cervix</strong></span> <span class='ocrx_word' id='word_1_32' title='bbox 946 954 1069 992; x_wconf 90' lang='lat' dir='ltr'><strong>non</strong></span> <span class='ocrx_word' id='word_1_33' title='bbox 1096 934 1224 993; x_wconf 91' lang='lat' dir='ltr'><strong>sola</strong></span> <span class='ocrx_word' id='word_1_34' title='bbox 1250 936 1434 994; x_wconf 83' lang='lat' dir='ltr'>cadet</span> <span class='ocrx_word' id='word_1_35' title='bbox 1461 955 1476 1005; x_wconf 82' lang='lat'>3</span> <span class='ocrx_word' id='word_1_36' title='bbox 1523 936 1879 994; x_wconf 84' lang='lat' dir='ltr'><strong>miscebitur</strong></span> <span class='ocrx_word' id='word_1_37' title='bbox 1905 934 2063 992; x_wconf 90' lang='lat' dir='ltr'><strong>alter</strong></span> 
     </span>
    </p>

    <p class='ocr_par' dir='ltr' id='par_1_7' title="bbox 536 1035 2200 1116">
     <span class='ocr_line' id='line_1_7' title="bbox 536 1035 2200 1116; baseline 0 -24"><span class='ocrx_word' id='word_1_38' title='bbox 536 1039 784 1113; x_wconf 89' lang='lat' dir='ltr'><strong>sanguis</strong></span> <span class='ocrx_word' id='word_1_39' title='bbox 811 1056 826 1105; x_wconf 84' lang='lat'><em>3</em></span> <span class='ocrx_word' id='word_1_40' title='bbox 873 1057 988 1095; x_wconf 90' lang='lat' dir='ltr'><strong>nec</strong></span> <span class='ocrx_word' id='word_1_41' title='bbox 1016 1036 1263 1116; x_wconf 88' lang='lat' dir='ltr'><strong>Stygias</strong></span> <span class='ocrx_word' id='word_1_42' title='bbox 1289 1036 1453 1096; x_wconf 88' lang='lat' dir='ltr'><strong>ferar</strong></span> <span class='ocrx_word' id='word_1_43' title='bbox 1477 1042 1870 1097; x_wconf 77' lang='lat' dir='ltr'><strong>incomitatus</strong></span> <span class='ocrx_word' id='word_1_44' title='bbox 1899 1037 1979 1095; x_wconf 90' lang='lat' dir='ltr'><strong>ad</strong></span> <span class='ocrx_word' id='word_1_45' title='bbox 2006 1035 2200 1094; x_wconf 88' lang='lat' dir='ltr'><strong>undas</strong></span> 
     </span>
    </p>

    <p class='ocr_par' dir='ltr' id='par_1_8' title="bbox 537 1135 2158 1320">
     <span class='ocr_line' id='line_1_8' title="bbox 537 1135 1914 1198; baseline 0.001 -4"><span class='ocrx_word' id='word_1_46' title='bbox 537 1156 652 1194; x_wconf 91' lang='lat' dir='ltr'><strong>nec</strong></span> <span class='ocrx_word' id='word_1_47' title='bbox 678 1158 821 1196; x_wconf 89' lang='lat' dir='ltr'><strong>mea</strong></span> <span class='ocrx_word' id='word_1_48' title='bbox 845 1158 1092 1198; x_wconf 91' lang='lat' dir='ltr'><strong>securus</strong></span> <span class='ocrx_word' id='word_1_49' title='bbox 1118 1140 1348 1198; x_wconf 81' lang='lat' dir='ltr'><strong>ridebit</strong></span> <span class='ocrx_word' id='word_1_50' title='bbox 1372 1138 1592 1197; x_wconf 88' lang='lat' dir='ltr'><strong>funera</strong></span> <span class='ocrx_word' id='word_1_51' title='bbox 1617 1143 1810 1198; x_wconf 90' lang='lat' dir='ltr'><strong>victor</strong></span> <span class='ocrx_word' id='word_1_52' title='bbox 1836 1140 1848 1196; x_wconf 68' lang='grc' dir='ltr'>ἓ</span> <span class='ocrx_word' id='word_1_53' title='bbox 1880 1135 1914 1158; x_wconf 88' lang='grc'>”</span> 
     </span>
     <span class='ocr_line' id='line_1_9' title="bbox 617 1232 2158 1320; baseline 0 -23"><span class='ocrx_word' id='word_1_54' title='bbox 617 1238 790 1299; x_wconf 89' lang='lat' dir='ltr'><strong>Haec</strong></span> <span class='ocrx_word' id='word_1_55' title='bbox 816 1241 943 1312; x_wconf 91' lang='lat' dir='ltr'><strong>ubi,</strong></span> <span class='ocrx_word' id='word_1_56' title='bbox 968 1241 1241 1301; x_wconf 86' lang='lat' dir='ltr'><strong>dictatur</strong></span> <span class='ocrx_word' id='word_1_57' title='bbox 1265 1241 1501 1301; x_wconf 91' lang='lat' dir='ltr'><strong>facinus</strong></span> <span class='ocrx_word' id='word_1_58' title='bbox 1528 1245 1870 1320; x_wconf 88' lang='lat' dir='ltr'><strong>missusque</strong></span> <span class='ocrx_word' id='word_1_59' title='bbox 1896 1232 2158 1318; x_wconf 89' lang='lat' dir='ltr'><strong>repente</strong></span> 
     </span>
    </p>

    <p class='ocr_par' dir='ltr' id='par_1_9' title="bbox 542 1341 2353 1522">
     <span class='ocr_line' id='line_1_10' title="bbox 542 1341 2353 1422; baseline -0.002 -22"><span class='ocrx_word' id='word_1_60' title='bbox 542 1345 646 1419; x_wconf 93' lang='lat' dir='ltr'><strong>qui</strong></span> <span class='ocrx_word' id='word_1_61' title='bbox 671 1341 836 1402; x_wconf 89' lang='lat' dir='ltr'><strong>ferat</strong></span> <span class='ocrx_word' id='word_1_62' title='bbox 862 1351 1138 1403; x_wconf 86' lang='lat' dir='ltr'><strong>extortas</strong></span> <span class='ocrx_word' id='word_1_63' title='bbox 1163 1348 1359 1403; x_wconf 89' lang='lat' dir='ltr'><strong>invito</strong></span> <span class='ocrx_word' id='word_1_64' title='bbox 1384 1348 1658 1422; x_wconf 90' lang='lat' dir='ltr'><strong>principe</strong></span> <span class='ocrx_word' id='word_1_65' title='bbox 1685 1363 1884 1402; x_wconf 76' lang='lat' dir='ltr'><strong>voces·</strong></span> <span class='ocrx_word' id='word_1_66' title='bbox 2251 1349 2353 1398; x_wconf 87' lang='lat'><strong>170</strong></span> 
     </span>
     <span class='ocr_line' id='line_1_11' title="bbox 621 1444 2118 1522; baseline -0.001 -20"><span class='ocrx_word' id='word_1_67' title='bbox 621 1444 871 1504; x_wconf 85' lang='lat' dir='ltr'><strong>Interea</strong></span> <span class='ocrx_word' id='word_1_68' title='bbox 896 1444 1149 1505; x_wconf 92' lang='lat' dir='ltr'><strong>Stilicho</strong></span> <span class='ocrx_word' id='word_1_69' title='bbox 1174 1450 1299 1504; x_wconf 90' lang='lat' dir='ltr'><strong>iam</strong></span> <span class='ocrx_word' id='word_1_70' title='bbox 1324 1444 1544 1505; x_wconf 92' lang='lat' dir='ltr'><strong>laetior</strong></span> <span class='ocrx_word' id='word_1_71' title='bbox 1570 1445 1747 1504; x_wconf 89' lang='lat' dir='ltr'><strong>hoste</strong></span> <span class='ocrx_word' id='word_1_72' title='bbox 1773 1448 2118 1522; x_wconf 91' lang='lat' dir='ltr'><strong>propinquo</strong></span> 
     </span>
    </p>

    <p class='ocr_par' dir='ltr' id='par_1_10' title="bbox 542 1546 1980 1626">
     <span class='ocr_line' id='line_1_12' title="bbox 542 1546 1980 1626; baseline -0.001 -21"><span class='ocrx_word' id='word_1_73' title='bbox 542 1567 657 1606; x_wconf 89' lang='lat' dir='ltr'><strong>nec</strong></span> <span class='ocrx_word' id='word_1_74' title='bbox 682 1547 878 1607; x_wconf 91' lang='lat' dir='ltr'><strong>multo</strong></span> <span class='ocrx_word' id='word_1_75' title='bbox 905 1552 1089 1626; x_wconf 92' lang='lat' dir='ltr'><strong>spatii</strong></span> <span class='ocrx_word' id='word_1_76' title='bbox 1115 1549 1487 1608; x_wconf 86' lang='lat' dir='ltr'><strong>distantibus</strong></span> <span class='ocrx_word' id='word_1_77' title='bbox 1516 1567 1783 1626; x_wconf 90' lang='lat' dir='ltr'><strong>aequore</strong></span> <span class='ocrx_word' id='word_1_78' title='bbox 1810 1546 1980 1605; x_wconf 89' lang='lat' dir='ltr'><strong>vallis</strong></span> 
     </span>
    </p>

    <p class='ocr_par' dir='ltr' id='par_1_11' title="bbox 541 1648 1949 1727">
     <span class='ocr_line' id='line_1_13' title="bbox 541 1648 1949 1727; baseline -0.001 -20"><span class='ocrx_word' id='word_1_79' title='bbox 541 1649 858 1727; x_wconf 90' lang='lat' dir='ltr'><strong>pugnandi</strong></span> <span class='ocrx_word' id='word_1_80' title='bbox 884 1650 1135 1727; x_wconf 90' lang='lat' dir='ltr'><strong>cupidas</strong></span> <span class='ocrx_word' id='word_1_81' title='bbox 1163 1649 1445 1709; x_wconf 87' lang='lat' dir='ltr'><strong>accendit</strong></span> <span class='ocrx_word' id='word_1_82' title='bbox 1470 1669 1618 1708; x_wconf 88' lang='lat' dir='ltr'><strong>voce</strong></span> <span class='ocrx_word' id='word_1_83' title='bbox 1645 1648 1949 1708; x_wconf 75' lang='lat' dir='ltr'><strong>cohortes·</strong></span> 
     </span>
    </p>

    <p class='ocr_par' dir='ltr' id='par_1_12' title="bbox 544 1750 2144 1830">
     <span class='ocr_line' id='line_1_14' title="bbox 544 1750 2144 1830; baseline -0.001 -21"><span class='ocrx_word' id='word_1_84' title='bbox 544 1751 851 1809; x_wconf 88' lang='lat' dir='ltr'><strong>Armeniis</strong></span> <span class='ocrx_word' id='word_1_85' title='bbox 877 1750 1043 1810; x_wconf 89' lang='lat' dir='ltr'><strong>frons</strong></span> <span class='ocrx_word' id='word_1_86' title='bbox 1068 1750 1245 1809; x_wconf 90' lang='lat' dir='ltr'><strong>laeva</strong></span> <span class='ocrx_word' id='word_1_87' title='bbox 1272 1751 1457 1811; x_wconf 89' lang='lat' dir='ltr'><strong>datur</strong></span> <span class='ocrx_word' id='word_1_88' title='bbox 1482 1771 1497 1822; x_wconf 94' lang='lat'>;</span> <span class='ocrx_word' id='word_1_89' title='bbox 1544 1772 1657 1830; x_wconf 92' lang='lat' dir='ltr'><strong>per</strong></span> <span class='ocrx_word' id='word_1_90' title='bbox 1682 1771 1908 1810; x_wconf 91' lang='lat' dir='ltr'><strong>cornua</strong></span> <span class='ocrx_word' id='word_1_91' title='bbox 1937 1750 2144 1809; x_wconf 87' lang='lat' dir='ltr'><strong>Gallos</strong></span> 
     </span>
    </p>

    <p class='ocr_par' dir='ltr' id='par_1_13' title="bbox 545 1852 2351 1934">
     <span class='ocr_line' id='line_1_15' title="bbox 545 1852 2351 1934; baseline -0.002 -23"><span class='ocrx_word' id='word_1_92' title='bbox 545 1852 896 1912; x_wconf 87' lang='lat' dir='ltr'><strong>dexteriora</strong></span> <span class='ocrx_word' id='word_1_93' title='bbox 921 1853 1103 1913; x_wconf 90' lang='lat' dir='ltr'><strong>locat.</strong></span> <span class='ocrx_word' id='word_1_94' title='bbox 1184 1858 1412 1932; x_wconf 90' lang='lat' dir='ltr'><strong>spumis</strong></span> <span class='ocrx_word' id='word_1_95' title='bbox 1439 1859 1754 1934; x_wconf 85' lang='lat' dir='ltr'><strong>ignescere</strong></span> <span class='ocrx_word' id='word_1_96' title='bbox 1781 1853 1978 1924; x_wconf 89' lang='lat' dir='ltr'><strong>frena,</strong></span> <span class='ocrx_word' id='word_1_97' title='bbox 2254 1861 2351 1908; x_wconf 87' lang='lat'><strong>175</strong></span> 
     </span>
    </p>

    <p class='ocr_par' dir='ltr' id='par_1_14' title="bbox 544 1957 1862 2037">
     <span class='ocr_line' id='line_1_16' title="bbox 544 1957 1862 2037; baseline 0.001 -21"><span class='ocrx_word' id='word_1_98' title='bbox 544 1957 810 2036; x_wconf 90' lang='lat' dir='ltr'><strong>pulveris</strong></span> <span class='ocrx_word' id='word_1_99' title='bbox 839 1957 1050 2017; x_wconf 87' lang='lat' dir='ltr'><strong>extolli</strong></span> <span class='ocrx_word' id='word_1_100' title='bbox 1076 1959 1316 2017; x_wconf 90' lang='lat' dir='ltr'><strong>nimbos</strong></span> <span class='ocrx_word' id='word_1_101' title='bbox 1342 1957 1594 2037; x_wconf 88' lang='lat' dir='ltr'><strong>lateque</strong></span> <span class='ocrx_word' id='word_1_102' title='bbox 1622 1959 1862 2018; x_wconf 89' lang='lat' dir='ltr'><strong>videres</strong></span> 
     </span>
    </p>

    <p class='ocr_par' dir='ltr' id='par_1_15' title="bbox 546 2061 2042 2144">
     <span class='ocr_line' id='line_1_17' title="bbox 546 2061 2042 2144; baseline 0.001 -26"><span class='ocrx_word' id='word_1_103' title='bbox 546 2079 795 2139; x_wconf 88' lang='lat' dir='ltr'><strong>surgere</strong></span> <span class='ocrx_word' id='word_1_104' title='bbox 821 2066 1142 2140; x_wconf 90' lang='lat' dir='ltr'><strong>purpureis</strong></span> <span class='ocrx_word' id='word_1_105' title='bbox 1170 2062 1476 2144; x_wconf 87' lang='lat' dir='ltr'><strong>undantes</strong></span> <span class='ocrx_word' id='word_1_106' title='bbox 1505 2063 1807 2140; x_wconf 85' lang='lat' dir='ltr'><strong>anguibus</strong></span> <span class='ocrx_word' id='word_1_107' title='bbox 1833 2061 2042 2119; x_wconf 87' lang='lat' dir='ltr'><strong>hastas</strong></span> 
     </span>
    </p>

    <p class='ocr_par' dir='ltr' id='par_1_16' title="bbox 546 2162 1997 2243">
     <span class='ocr_line' id='line_1_18' title="bbox 546 2162 1997 2243; baseline -0.001 -22"><span class='ocrx_word' id='word_1_108' title='bbox 546 2173 1029 2242; x_wconf 89' lang='lat' dir='ltr'><strong>serpentumque</strong></span> <span class='ocrx_word' id='word_1_109' title='bbox 1057 2184 1214 2243; x_wconf 86' lang='lat' dir='ltr'><strong>vago</strong></span> <span class='ocrx_word' id='word_1_110' title='bbox 1241 2163 1480 2223; x_wconf 90' lang='lat' dir='ltr'><strong>caelum</strong></span> <span class='ocrx_word' id='word_1_111' title='bbox 1507 2168 1741 2223; x_wconf 89' lang='lat' dir='ltr'><strong>saevire</strong></span> <span class='ocrx_word' id='word_1_112' title='bbox 1768 2162 1997 2222; x_wconf 89' lang='lat' dir='ltr'><strong>volatu.</strong></span> 
     </span>
    </p>

    <p class='ocr_par' dir='ltr' id='par_1_17' title="bbox 545 2265 2048 2344">
     <span class='ocr_line' id='line_1_19' title="bbox 545 2265 2048 2344; baseline -0.002 -19"><span class='ocrx_word' id='word_1_113' title='bbox 545 2266 766 2344; x_wconf 87' lang='lat' dir='ltr'><strong>implet</strong></span> <span class='ocrx_word' id='word_1_114' title='bbox 790 2265 1166 2325; x_wconf 89' lang='lat' dir='ltr'><strong>Thessaliam</strong></span> <span class='ocrx_word' id='word_1_115' title='bbox 1190 2265 1338 2325; x_wconf 88' lang='lat' dir='ltr'><strong>ferri</strong></span> <span class='ocrx_word' id='word_1_116' title='bbox 1364 2271 1527 2325; x_wconf 91' lang='lat' dir='ltr'><strong>nitor</strong></span> <span class='ocrx_word' id='word_1_117' title='bbox 1554 2274 1854 2344; x_wconf 89' lang='lat' dir='ltr'><strong>antraque</strong></span> <span class='ocrx_word' id='word_1_118' title='bbox 1883 2266 2048 2324; x_wconf 92' lang='lat' dir='ltr'><strong>docti</strong></span> 
     </span>
    </p>

    <p class='ocr_par' dir='ltr' id='par_1_18' title="bbox 549 2366 2352 2449">
     <span class='ocr_line' id='line_1_20' title="bbox 549 2366 2352 2449; baseline -0.004 -19"><span class='ocrx_word' id='word_1_119' title='bbox 549 2371 912 2449; x_wconf 79' lang='lat' dir='ltr'><strong>cornipediS,</strong></span> <span class='ocrx_word' id='word_1_120' title='bbox 940 2378 1281 2448; x_wconf 90' lang='lat' dir='ltr'><strong>teneroque</strong></span> <span class='ocrx_word' id='word_1_121' title='bbox 1311 2374 1503 2428; x_wconf 89' lang='lat' dir='ltr'><strong>amnis</strong></span> <span class='ocrx_word' id='word_1_122' title='bbox 1530 2378 1810 2447; x_wconf 90' lang='lat' dir='ltr'><strong>reptatus</strong></span> <span class='ocrx_word' id='word_1_123' title='bbox 1838 2366 2059 2426; x_wconf 91' lang='lat' dir='ltr'><strong>Achilli</strong></span> <span class='ocrx_word' id='word_1_124' title='bbox 2257 2375 2352 2423; x_wconf 89' lang='grc'><strong>180</strong></span> 
     </span>
    </p>

    <p class='ocr_par' dir='ltr' id='par_1_19' title="bbox 553 2469 2031 2535">
     <span class='ocr_line' id='line_1_21' title="bbox 553 2469 2031 2535; baseline -0.003 -2"><span class='ocrx_word' id='word_1_125' title='bbox 553 2484 619 2535; x_wconf 93' lang='lat' dir='ltr'><strong>et</strong></span> <span class='ocrx_word' id='word_1_126' title='bbox 644 2495 861 2534; x_wconf 90' lang='lat' dir='ltr'><strong>nemus</strong></span> <span class='ocrx_word' id='word_1_127' title='bbox 890 2474 1199 2534; x_wconf 87' lang='lat' dir='ltr'><strong>Oetaeum</strong></span> <span class='ocrx_word' id='word_1_128' title='bbox 1224 2474 1447 2532; x_wconf 89' lang='lat' dir='ltr'><strong>radiat.</strong></span> <span class='ocrx_word' id='word_1_129' title='bbox 1528 2472 1791 2531; x_wconf 89' lang='lat' dir='ltr'><strong>clamore</strong></span> <span class='ocrx_word' id='word_1_130' title='bbox 1818 2469 2031 2534; x_wconf 87' lang='lat' dir='ltr'><strong>nivalis</strong></span> 
     </span>
    </p>

    <p class='ocr_par' dir='ltr' id='par_1_20' title="bbox 553 2572 2160 2655">
     <span class='ocr_line' id='line_1_22' title="bbox 553 2572 2160 2655; baseline -0.004 -19"><span class='ocrx_word' id='word_1_131' title='bbox 553 2575 709 2636; x_wconf 91' lang='lat' dir='ltr'><strong>Ossa</strong></span> <span class='ocrx_word' id='word_1_132' title='bbox 733 2586 913 2636; x_wconf 91' lang='lat' dir='ltr'><strong>tonat</strong></span> <span class='ocrx_word' id='word_1_133' title='bbox 936 2577 1235 2655; x_wconf 91' lang='lat' dir='ltr'><strong>pulsoque</strong></span> <span class='ocrx_word' id='word_1_134' title='bbox 1261 2574 1469 2654; x_wconf 87' lang='lat' dir='ltr'><strong>fragor</strong></span> <span class='ocrx_word' id='word_1_135' title='bbox 1492 2578 1845 2654; x_wconf 87' lang='lat' dir='ltr'><strong>geminatur</strong></span> <span class='ocrx_word' id='word_1_136' title='bbox 1871 2572 2160 2651; x_wconf 77' lang='lat' dir='ltr'><strong>Olympo,</strong></span> 
     </span>
    </p>

    <p class='ocr_par' dir='ltr' id='par_1_21' title="bbox 549 2667 1964 2758">
     <span class='ocr_line' id='line_1_23' title="bbox 549 2667 1964 2758; baseline -0.004 -18"><span class='ocrx_word' id='word_1_137' title='bbox 549 2684 846 2740; x_wconf 88' lang='lat' dir='ltr'><strong>intumuit</strong></span> <span class='ocrx_word' id='word_1_138' title='bbox 872 2683 1064 2739; x_wconf 90' lang='lat' dir='ltr'><strong>virtus</strong></span> <span class='ocrx_word' id='word_1_139' title='bbox 1093 2689 1159 2738; x_wconf 90' lang='lat' dir='ltr'><strong>et</strong></span> <span class='ocrx_word' id='word_1_140' title='bbox 1184 2679 1334 2737; x_wconf 92' lang='lat' dir='ltr'><strong>lucis</strong></span> <span class='ocrx_word' id='word_1_141' title='bbox 1360 2678 1652 2758; x_wconf 87' lang='lat' dir='ltr'><strong>prodigus</strong></span> <span class='ocrx_word' id='word_1_142' title='bbox 1681 2681 1830 2736; x_wconf 91' lang='lat' dir='ltr'><strong>arsit</strong></span> <span class='ocrx_word' id='word_1_143' title='bbox 1961 2667 1964 2670; x_wconf 36' lang='lat'>¹</span> 
     </span>
    </p>

    <p class='ocr_par' dir='ltr' id='par_1_22' title="bbox 551 2779 2128 2862">
     <span class='ocr_line' id='line_1_24' title="bbox 551 2779 2128 2862; baseline -0.004 -19"><span class='ocrx_word' id='word_1_144' title='bbox 551 2788 821 2862; x_wconf 87' lang='lat' dir='ltr'><strong>impetus</strong></span> <span class='ocrx_word' id='word_1_145' title='bbox 846 2802 863 2853; x_wconf 82' lang='lat'>3</span> <span class='ocrx_word' id='word_1_146' title='bbox 911 2783 1079 2843; x_wconf 92' lang='lat' dir='ltr'><strong>haud</strong></span> <span class='ocrx_word' id='word_1_147' title='bbox 1102 2782 1235 2841; x_wconf 91' lang='lat' dir='ltr'><strong>illos</strong></span> <span class='ocrx_word' id='word_1_148' title='bbox 1263 2801 1467 2860; x_wconf 84' lang='lat' dir='ltr'><strong>rupeS,</strong></span> <span class='ocrx_word' id='word_1_149' title='bbox 1495 2779 1662 2840; x_wconf 91' lang='lat' dir='ltr'><strong>haud</strong></span> <span class='ocrx_word' id='word_1_150' title='bbox 1690 2780 1816 2840; x_wconf 89' lang='lat' dir='ltr'><strong>alta</strong></span> <span class='ocrx_word' id='word_1_151' title='bbox 1841 2785 2128 2838; x_wconf 87' lang='lat' dir='ltr'><strong>vetarent</strong></span> 
     </span>
    </p>

    <p class='ocr_par' dir='ltr' id='par_1_23' title="bbox 551 2885 2351 3051">
     <span class='ocr_line' id='line_1_25' title="bbox 551 2885 2351 2964; baseline -0.004 -18"><span class='ocrx_word' id='word_1_152' title='bbox 551 2886 804 2946; x_wconf 91' lang='lat' dir='ltr'><strong>flumina</strong></span> <span class='ocrx_word' id='word_1_153' title='bbox 831 2906 846 2944; x_wconf 69' lang='grc' dir='ltr'><strong>ι</strong></span> <span class='ocrx_word' id='word_1_154' title='bbox 892 2889 1214 2964; x_wconf 88' lang='lat' dir='ltr'><strong>praecipiti</strong></span> <span class='ocrx_word' id='word_1_155' title='bbox 1242 2888 1602 2943; x_wconf 89' lang='lat' dir='ltr'><strong>stravissent</strong></span> <span class='ocrx_word' id='word_1_156' title='bbox 1629 2885 1833 2942; x_wconf 90' lang='lat' dir='ltr'><strong>omnia</strong></span> <span class='ocrx_word' id='word_1_157' title='bbox 1859 2901 2059 2940; x_wconf 90' lang='lat' dir='ltr'><strong>cursu.</strong></span> <span class='ocrx_word' id='word_1_158' title='bbox 2256 2889 2351 2938; x_wconf 84' lang='lat'><strong>185</strong></span> 
     </span>
     <span class='ocr_line' id='line_1_26' title="bbox 631 2983 1945 3051; baseline -0.005 -4"><span class='ocrx_word' id='word_1_159' title='bbox 631 2987 693 3047; x_wconf 87' lang='lat' dir='ltr'><strong>Si</strong></span> <span class='ocrx_word' id='word_1_160' title='bbox 723 2997 871 3047; x_wconf 89' lang='lat' dir='ltr'><strong>tunc</strong></span> <span class='ocrx_word' id='word_1_161' title='bbox 898 2986 992 3045; x_wconf 92' lang='lat' dir='ltr'><strong>his</strong></span> <span class='ocrx_word' id='word_1_162' title='bbox 1022 2990 1237 3044; x_wconf 87' lang='lat' dir='ltr'><strong>animis</strong></span> <span class='ocrx_word' id='word_1_163' title='bbox 1269 2988 1428 3043; x_wconf 85' lang='lat' dir='ltr'><strong>acies</strong></span> <span class='ocrx_word' id='word_1_164' title='bbox 1457 2984 1679 3043; x_wconf 89' lang='lat' dir='ltr'><strong>collata</strong></span> <span class='ocrx_word' id='word_1_165' title='bbox 1705 2983 1945 3051; x_wconf 90' lang='lat' dir='ltr'><strong>fuisset,</strong></span> 
     </span>
    </p>

    <p class='ocr_par' dir='ltr' id='par_1_24' title="bbox 553 3083 2019 3169">
     <span class='ocr_line' id='line_1_27' title="bbox 553 3083 2019 3169; baseline -0.006 -20"><span class='ocrx_word' id='word_1_166' title='bbox 553 3089 799 3169; x_wconf 92' lang='lat' dir='ltr'><strong>prodita</strong></span> <span class='ocrx_word' id='word_1_167' title='bbox 824 3109 947 3147; x_wconf 90' lang='lat' dir='ltr'><strong>non</strong></span> <span class='ocrx_word' id='word_1_168' title='bbox 974 3097 1182 3146; x_wconf 90' lang='lat' dir='ltr'><strong>tantas</strong></span> <span class='ocrx_word' id='word_1_169' title='bbox 1208 3087 1462 3145; x_wconf 89' lang='lat' dir='ltr'><strong>vidisset</strong></span> <span class='ocrx_word' id='word_1_170' title='bbox 1490 3086 1750 3144; x_wconf 89' lang='lat' dir='ltr'><strong>Graecia</strong></span> <span class='ocrx_word' id='word_1_171' title='bbox 1775 3083 2019 3153; x_wconf 80' lang='lat' dir='ltr'><strong>caedeS,</strong></span> 
     </span>
    </p>

    <p class='ocr_par' dir='ltr' id='par_1_25' title="bbox 555 3189 1933 3272">
     <span class='ocr_line' id='line_1_28' title="bbox 555 3189 1933 3272; baseline -0.004 -21"><span class='ocrx_word' id='word_1_172' title='bbox 555 3193 782 3272; x_wconf 91' lang='lat' dir='ltr'><strong>oppida</strong></span> <span class='ocrx_word' id='word_1_173' title='bbox 809 3199 1047 3250; x_wconf 87' lang='lat' dir='ltr'><strong>semoto</strong></span> <span class='ocrx_word' id='word_1_174' title='bbox 1075 3189 1366 3267; x_wconf 89' lang='lat' dir='ltr'><strong>Pelopeia</strong></span> <span class='ocrx_word' id='word_1_175' title='bbox 1395 3189 1603 3247; x_wconf 90' lang='lat' dir='ltr'><strong>Marte</strong></span> <span class='ocrx_word' id='word_1_176' title='bbox 1631 3192 1933 3267; x_wconf 86' lang='lat' dir='ltr'><strong>vigerent,</strong></span> 
     </span>
    </p>
   </div>
   <div class='ocr_carea' id='block_1_3' title="bbox 558 3316 635 3374">
    <p class='ocr_par' dir='ltr' id='par_1_26' title="bbox 558 3316 635 3374">
     <span class='ocr_line' id='line_1_29' title="bbox 558 3316 635 3374; baseline -0.065 0"><span class='ocrx_word' id='word_1_177' title='bbox 558 3316 635 3374; x_wconf 89' lang='lat'><strong>70</strong></span> 
     </span>
    </p>
   </div>
   <div class='ocr_carea' id='block_1_4' title="bbox 2493 1413 2497 1916">
    <p class='ocr_par' dir='ltr' id='par_1_27' title="bbox 2493 1413 2497 1916">
     <span class='ocr_line' id='line_1_30' title="bbox 2493 1413 2497 1916; baseline 0 0"><span class='ocrx_word' id='word_1_178' title='bbox 2493 1413 2497 1916; x_wconf 95' lang='lat' dir='ltr'><strong> </strong></span> 
     </span>
    </p>
   </div>
   <div class='ocr_carea' id='block_1_5' title="bbox 2488 2651 2495 3200">
    <p class='ocr_par' dir='ltr' id='par_1_28' title="bbox 2488 2651 2495 3200">
     <span class='ocr_line' id='line_1_31' title="bbox 2488 2651 2495 3200; baseline 0 0"><span class='ocrx_word' id='word_1_179' title='bbox 2488 2651 2495 3200; x_wconf 95' lang='lat' dir='ltr'><strong> </strong></span> 
     </span>
    </p>
   </div>
  </div>
 </body>
</html>
