2511 3938
1152 284 1601 345 CLAUDIAN

471 442 605 502 ibat
630 442 1015 522 grandaevus
1043 453 1191 504 nato
1217 447 1522 504 moriente
1550 452 1862 522 superstes

470 551 613 619 post
639 543 886 602 trabeas
915 542 1079 602 exul.
1158 547 1295 622 quis
1319 543 1580 622 prodere
1608 551 1788 602 tanta
1812 541 2012 601 relatu

470 638 712 713 funera,
740 646 874 721 quis
901 640 1122 702 caedes
1148 645 1344 721 possit
1370 642 1600 702 deflere
1626 640 1925 701 nefandas
1951 641 1975 699 ?
2177 649 2281 699 250

474 741 623 819 quid
650 741 777 801 tale
803 745 1082 801 inmanes
1112 762 1407 820 umquam
1434 744 1695 821 gessisse
1721 739 2006 800 feruntur

469 839 569 899 vel
595 839 752 900 Sinis
781 840 1113 901 Isthmiaca
1137 845 1290 919 pinu
1316 840 1414 900 vel
1439 860 1593 919 rupe
1617 839 1926 919 profunda

469 937 679 999 Sciron
704 938 805 999 vel
831 939 1103 999 Phalaris
1130 949 1309 1000 tauro
1335 940 1434 999 vel
1459 959 1703 999 carcere
1730 938 1898 999 Sulla
1922 939 1946 998 ?

471 1056 508 1096 o
533 1040 716 1098 mites
746 1039 1065 1099 Diomedis
1093 1042 1236 1117 equi
1264 1040 1277 1098 !
1357 1038 1648 1098 Busiridis
1676 1058 1820 1097 arae

471 1134 808 1196 clementes
834 1137 849 1196 l
929 1140 1053 1196 iam
1076 1137 1273 1196 Cinna
1292 1140 1453 1217 pius,
1473 1141 1599 1196 iam
1621 1135 1914 1215 Spartace
1938 1139 2141 1214 segnis
2177 1143 2281 1192 255

472 1234 693 1295 Rufino
720 1235 976 1295 collatus
1004 1239 1122 1295 eris
1149 1235 1163 1296 l
1204 1311 1209 1315 ἠ

1242 1336 1576 1396 Deiecerat
1601 1354 1815 1395 omnes

471 1431 722 1493 occultis
749 1433 902 1493 odiis
928 1442 1127 1495 terror
1151 1437 1451 1513 tacitique
1478 1434 1753 1513 sepultos

469 1535 777 1612 suspirant
802 1537 1072 1613 gemitus
1096 1535 1527 1613 indignarique
1551 1540 1863 1593 verentur.

470 1640 537 1692 at
562 1653 687 1692 non
711 1636 1089 1712 magnanimi
1114 1635 1307 1692 virtus
1333 1632 1680 1692 Stilichonis
1708 1631 1930 1690 eodem

467 1729 666 1791 fracta
689 1740 866 1791 metu
888 1750 908 1802 ς
952 1732 1118 1792 solus
1142 1732 1350 1791 medio
1376 1732 1487 1792 sed
1513 1733 1759 1792 turbine
1785 1750 1992 1789 rerum
2174 1738 2281 1788 260

467 1838 682 1889 contra
705 1828 980 1889 letiferos
1004 1833 1194 1890 rictus
1219 1838 1558 1909 contraque
1584 1850 1873 1909 rapacem

466 1932 660 1989 movit
685 1928 814 1989 tela
838 1928 1056 2000 feram,
1082 1929 1340 1989 volucris
1366 1949 1490 1990 non
1514 1938 1815 2011 praepete
1842 1948 2021 1989 cursu

466 2037 679 2088 vectus
707 2032 872 2108 equi,
898 2050 1022 2089 non
1051 2028 1339 2108 Pegaseis
1367 2030 1612 2089 adiutus
1639 2029 1916 2088 habeniS.

466 2126 565 2186 hic
590 2131 823 2187 cunctis
850 2125 1068 2206 optata
1094 2131 1290 2206 quieS‚
1317 2127 1415 2187 hic
1441 2128 1570 2188 sola
1593 2127 1806 2206 pericli

467 2231 650 2286 turris
678 2236 814 2286 erat
838 2226 1192 2305 clipeusque
1220 2236 1460 2287 trucem
1483 2236 1805 2305 porrectus
1830 2230 1896 2285 in
1921 2226 2184 2296 hostem,

466 2325 565 2385 hic
587 2325 861 2405 profugis
888 2326 1066 2385 sedes
1094 2326 1476 2404 adversaque
1502 2330 1678 2405 signa
1702 2325 1912 2396 furori,
2168 2333 2270 2381 266

467 2425 777 2484 servandis
804 2424 903 2483 hic
928 2433 1129 2484 castra
1153 2426 1352 2484 boniS.

1414 2524 1750 2603 Hucusque
1777 2528 2046 2582 minatus

467 2622 765 2682 haerebat
790 2631 1081 2701 retroque
1106 2621 1259 2701 fuga
1283 2623 1549 2683 cedebat
1572 2627 1758 2683 inerti
1781 2644 1800 2683 ι

468 2720 635 2780 haud
660 2741 833 2781 secus
860 2721 1115 2780 hiberno
1142 2721 1415 2781 tumidus
1442 2739 1583 2781 cum
1609 2726 1838 2781 vertice
1867 2730 2103 2780 torrens

467 2839 616 2878 saxa
639 2829 807 2880 rotat
832 2819 1144 2899 volvitque
1171 2840 1388 2879 nemus
1414 2829 1759 2899 pontesque
1786 2819 2047 2889 revellit,
2167 2826 2269 2875 270

464 2915 768 2997 frangitur
795 2918 1042 2978 obiectu
1070 2918 1302 2997 scopuli
1329 2938 1755 2997 quaerensque
1784 2926 2061 2977 meatum

466 3026 713 3097 spumat
741 3027 807 3077 et
831 3017 1008 3077 inlisa
1033 3026 1312 3077 montem
1337 3022 1743 3077 circumtonat
1771 3018 1955 3077 unda.

543 3116 682 3190 Qua
708 3117 964 3195 dignum
990 3125 1055 3175 te
1082 3115 1267 3175 laude
1292 3114 1511 3187 feram,
1539 3120 1643 3195 qui
1669 3137 1870 3195 paene
1897 3118 2098 3174 ruenti

465 3218 544 3269 44
