2511 3938
1178 314 1625 373 CLAUDIAN

503 473 737 533 Gallica
763 474 1040 533 discretis
1068 474 1324 552 anque
1351 474 1571 533 robora
1596 477 1813 533 turmis
2208 483 2313 531 105

502 571 842 650 amplexus.
922 592 1260 652 numquam
1286 581 1504 632 tantae
1530 573 1768 632 dicione
1795 573 1910 632 sub
1937 593 2060 632 una

503 690 843 729 convenere
871 691 1088 730 manus
1114 692 1230 731 nec
1257 680 1355 731 tot
1381 672 1729 731 discrimina
1754 693 1972 731 vocum
1999 691 2014 731 z

503 768 667 829 illinc
695 771 1026 829 Armeniae
1053 772 1305 830 vibratis
1332 771 1597 830 crinibus
1625 770 1760 830 alae

503 868 762 929 herbida
787 868 1082 929 collectae
1107 868 1273 929 facili
1298 870 1603 929 velamina
1628 870 1789 929 nodo
1816 889 1832 939 ;

503 969 648 1027 inde
677 977 881 1028 truces
906 967 1064 1028 flavo
1091 971 1465 1028 comitantur
1491 973 1720 1027 vertice
1749 969 1930 1039 Galli,
2212 978 2315 1027 110

506 1085 657 1145 quos
686 1067 1018 1127 Rhodanus
1045 1067 1245 1137 velox,
1273 1067 1481 1126 Araris
1508 1087 1660 1145 quos
1687 1068 1919 1127 tardior
1945 1068 2141 1127 ambit

508 1175 574 1226 et
600 1187 753 1245 quos
779 1175 1104 1226 nascentes
1133 1166 1413 1245 explorat
1440 1169 1687 1246 gurgite
1716 1166 1965 1226 Rhenus

507 1284 783 1345 quosque
809 1270 973 1345 rigat
998 1274 1165 1325 retro
1189 1269 1491 1344 pernicior
1517 1266 1684 1325 unda
1710 1267 2064 1338 Garunnae,

508 1366 741 1425 Oceani
766 1365 951 1444 pleno
978 1369 1264 1444 quotiens
1289 1365 1624 1443 impellitur
1651 1375 1850 1425 aestu,

507 1484 680 1523 mens
709 1464 929 1524 eadem
955 1467 1189 1523 cunctis
1217 1467 1528 1542 animique
1555 1468 1829 1523 recentia
1852 1473 2094 1543 ponunt
2214 1475 2314 1524 115

507 1560 761 1620 vulnera
784 1580 801 1632 ;
849 1583 972 1621 non
999 1562 1132 1622 odit
1156 1564 1353 1621 victus
1381 1566 1650 1622 victorve
1677 1563 1974 1641 superbit.
2272 1561 2276 1566 ’

509 1671 575 1719 et
602 1664 879 1739 quamvis
904 1681 1195 1739 praesens
1222 1671 1429 1721 tumor
1456 1670 1523 1721 et
1548 1661 1747 1720 civilia
1771 1681 1968 1739 nuper

507 1759 756 1818 classica
780 1758 1192 1837 bellatrixque
1220 1762 1574 1818 etiamnunc
1599 1763 1691 1818 ira
1715 1759 1967 1831 caleret,

506 1861 569 1916 in
598 1857 767 1916 ducis
796 1860 1004 1915 eximii
1030 1859 1454 1935 conspiravere
1480 1857 1775 1917 favorem.

508 1956 676 2017 haud
702 1954 881 2016 aliter
907 1956 1158 2015 Xerxen
1185 1964 1321 2016 toto
1348 1956 1529 2016 simul
1556 1957 1703 2017 orbe
1731 1965 1977 2017 secutus
2215 1968 2314 2019 120

509 2066 792 2117 narratur
816 2061 1090 2136 rapuisse
1117 2077 1305 2136 vagos
1335 2061 1639 2117 exercitus
1669 2078 1879 2117 amnes

511 2167 577 2218 et
603 2158 744 2217 telis
772 2158 1086 2217 umbrasse
1113 2157 1302 2228 diem,
1329 2179 1469 2216 cum
1495 2158 1784 2217 classibus
1810 2162 1932 2218 iret

510 2276 623 2335 per
648 2256 925 2334 scopulos
953 2265 1316 2335 tectumque
1342 2258 1535 2335 pedes
1561 2266 1989 2318 contemneret
2016 2279 2267 2338 aequor.

589 2355 708 2414 Vix
736 2355 926 2433 Alpes
955 2375 1234 2435 egressus
1264 2364 1399 2415 erat
1425 2375 1539 2414 nec
1564 2359 1688 2414 iam
1716 2356 1974 2435 amplius
2004 2367 2168 2418 errat

511 2455 806 2514 barbarus
835 2456 1295 2535 adventumque
1321 2459 1546 2515 timens
1574 2476 1640 2515 se
1667 2460 1835 2536 cogit
1858 2461 1923 2515 in
1950 2477 2137 2517 unam
2219 2467 2316 2517 125

511 2553 832 2632 planitiem
860 2563 1123 2633 tutoque
1149 2555 1409 2615 includit
1433 2576 1662 2633 pascua
1686 2575 1840 2635 gyro
1869 2576 1883 2615 :

512 2658 648 2710 tum
677 2652 902 2729 duplici
927 2652 1092 2712 fossa
1116 2674 1240 2713 non
1269 2653 1664 2732 exuperabile
1691 2654 1917 2713 vallum

512 2760 760 2829 asperat
787 2751 1037 2811 alternis
1065 2753 1317 2830 sudibus
1343 2757 1625 2831 murique
1651 2754 1854 2814 locata

512 2856 576 2910 in
603 2855 872 2929 speciem
897 2856 1089 2912 caesis
1117 2853 1404 2912 obtendit
1429 2852 1704 2932 plaustra
1729 2859 2021 2916 iuvencis·

589 2950 678 3009 At
703 2950 913 3028 procul
942 2955 1238 3030 exanguis
1267 2951 1556 3010 Rufinum
1581 2954 1845 3031 perculit
1869 2954 2081 3014 horror
2105 2974 2122 3025 ;
2220 2966 2313 3016 130

510 3048 780 3109 infectae
806 3048 1037 3126 pallore
1064 3070 1265 3129 genae
1293 3068 1309 3119 ;
1356 3054 1535 3109 stetit
1561 3071 1666 3110 ore
1693 3053 1902 3131 gelato

509 3146 780 3203 incertus
806 3152 1136 3222 peteretne
1162 3143 1399 3224 fugam,
1425 3149 1750 3205 veniamne
1778 3149 2068 3209 subactus

515 3251 593 3313 66
