2511 3938
903 976 1020 1036 DE
1060 976 1338 1035 BELLO
1381 975 1857 1035 GILDONICO

1222 1134 1474 1192 LIBER
1516 1134 1544 1191 I

1304 1291 1469 1371 (XV)

560 1450 860 1510 Redditus
887 1454 1157 1529 imperiis
1187 1450 1418 1507 Auster
1445 1450 1846 1527 subiectaque
1875 1457 2078 1507 r'ursus

482 1540 732 1599 alterius
764 1560 1038 1600 convexa
1066 1539 1210 1618 poli.
1291 1549 1529 1599 rectore
1560 1540 1674 1598 sub
1704 1560 1826 1598 uno

480 1635 790 1708 conspirat
816 1635 1097 1709 geminus
1124 1629 1312 1688 frenis
1339 1631 1762 1689 communibus
1789 1630 1971 1689 orbis.

479 1725 789 1779 iunximus
817 1722 1106 1798 Europen
1136 1721 1393 1798 Libyae.
1474 1721 1795 1779 concordia
1820 1720 2081 1779 fratrum

482 1811 667 1889 plena
692 1811 875 1870 redit.
954 1814 1168 1887 patriis
1196 1809 1392 1868 solum
1420 1811 1586 1888 quod
1612 1810 1814 1869 defuit
1841 1815 2044 1882 armiS,
2256 1820 2289 1867 5

483 1905 704 1960 tertius
732 1902 1019 1959 occubuit
1045 1904 1177 1959 nati
1203 1904 1434 1960 virtute
1462 1910 1780 1982 tyrannuS.

482 1992 693 2051 horret
720 1992 918 2051 adhuc
946 1995 1183 2050 animus
1210 1991 1664 2072 manifestaque
1691 1994 1919 2072 gaudia
1945 1993 2172 2064 differt,

485 2083 634 2142 dum
660 2091 874 2161 stupet
903 2092 968 2141 et
994 2091 1173 2142 tanto
1199 2092 1527 2143 cunctatur
1553 2085 1803 2143 credere
1831 2094 1996 2144 voto.

484 2174 748 2232 necdum
776 2173 1108 2253 Cinyphias
1138 2178 1445 2248 exercitus
1473 2178 1687 2254 attigit
1712 2195 1847 2234 oras
1875 2196 1889 2233 ε

483 2267 609 2323 iam
637 2266 904 2324 domitus
934 2264 1136 2324 Gildo.
1217 2264 1395 2323 nullis
1423 2269 1677 2324 victoria
1703 2266 1877 2325 nodis
2227 2274 2290 2322 10

485 2353 707 2425 haesit,
733 2376 857 2414 non
884 2359 1084 2433 spatio
1111 2364 1338 2426 terrae,
1365 2377 1488 2414 non
1515 2358 1688 2415 obice
1715 2361 1911 2435 ponti.

485 2465 879 2524 congressum
903 2445 1234 2525 profugum
1261 2455 1513 2524 captum
1538 2468 1657 2506 vox
1683 2451 1931 2506 nuntiat
1958 2467 2080 2505 una

484 2556 916 2614 rumoremque
945 2540 1038 2594 sui
1063 2541 1386 2614 praevenit
1410 2537 1620 2595 laurea
1647 2537 1813 2596 belli.

487 2643 630 2702 quo,
656 2645 892 2703 precor,
919 2625 1072 2684 haec
1101 2625 1322 2684 effecta
1348 2627 1466 2685 deo
1493 2628 1516 2684 ?
1596 2627 1849 2685 robusta
1875 2635 2176 2704 vetusque

487 2723 768 2795 tempore
796 2725 928 2776 tam
953 2737 1141 2795 parvo
1166 2722 1374 2796 potuit
1400 2718 1715 2777 dementia
1742 2721 1900 2776 vinci
1926 2719 1950 2775 ?
2229 2726 2293 2774 15

487 2826 674 2885 quem
701 2811 953 2866 veniens
981 2809 1206 2868 indixit
1233 2808 1451 2879 hiemS,
1479 2829 1587 2867 ver
1613 2808 1876 2886 perculit
1903 2798 2166 2868 hostem.

555 2979 576 3011 ²
613 2980 718 3030 For
758 2981 851 3030 the
893 2980 1083 3032 details
1125 2980 1187 3031 of
1224 2980 1434 3032 Gildo’s
1477 2981 1730 3032 rebellion
1773 2997 1860 3032 see
1904 2981 2291 3042 Introduction,

485 3063 722 3229 Z'xgll'lge
777 3111 983 3180 Cinyps
1031 3111 1078 3166 vis
1129 3129 1164 3165 a
1211 3113 1351 3164 river
1406 3113 1461 3163 in
1515 3112 1726 3179 Libya;
1780 3113 1852 3179 of.
1901 3112 2056 3180 Virg.
2102 3112 2288 3179 Geory.

489 3260 565 3322 98
