2511 3938
1017 974 1107 1032 IN
1148 974 1660 1034 EUTROPIUM

1147 1158 1398 1217 LIBER
1439 1143 1508 1217 11‘

1243 1343 1411 1422 (XX)

514 1528 840 1606 Mygdonii
866 1532 1099 1586 cineres
1129 1537 1196 1585 et
1222 1531 1272 1585 si
1301 1528 1451 1605 quid
1474 1537 1673 1588 restat
1697 1529 1834 1599 Eoi,

435 1627 600 1703 quod
625 1635 864 1705 pereat,
891 1630 1066 1704 regni
1094 1646 1108 1683 t
1157 1636 1328 1685 certe
1355 1648 1480 1686 non
1506 1647 1740 1706 augure
1766 1627 1919 1686 falso

432 1725 695 1804 prodigii
718 1734 980 1803 patuere
1006 1729 1233 1795 minae,
1260 1724 1611 1805 frustraque
1637 1736 1891 1805 peracto

433 1824 683 1885 vulnere
711 1822 1084 1882 monstriferi
1108 1829 1433 1904 praesagia
1456 1826 1689 1885 discitis
1717 1830 1881 1885 anni.

433 1928 669 1985 cautior
696 1932 842 1983 ante
870 1932 1083 1982 tamen
1108 1923 1449 1983 violentum
1475 1929 1685 1985 navita
1712 1925 1980 1999 Caurum
2205 1913 2248 1997 ὅ

431 2027 725 2101 prospicit
752 2031 818 2081 et
844 2023 1121 2081 tumidae
1149 2024 1437 2083 subducit
1462 2025 1599 2084 vela
1623 2025 1948 2102 procellae.

433 2121 582 2198 quid
606 2125 778 2179 iuvat
806 2140 1073 2179 errorem
1099 2141 1302 2179 mersa
1326 2125 1451 2180 iam
1476 2143 1686 2201 puppe
1713 2121 1897 2181 fateri
1923 2123 1947 2181 ?

434 2219 582 2297 quid
607 2218 893 2277 lacrimae
920 2219 1147 2278 delicta
1172 2219 1383 2278 levant
1409 2222 1431 2278 ?
1513 2230 1684 2280 stant
1710 2226 1915 2281 omina
1941 2224 2129 2279 vestri

432 2318 692 2377 consulis
721 2339 734 2376 :
782 2321 1029 2376 inmotis
1057 2318 1313 2376 haesere
1339 2319 1581 2396 piacula
1606 2318 1772 2378 fatiS.
2125 2396 2131 2401 Δ

432 2424 581 2475 tunc
609 2418 818 2476 decuit
845 2420 1073 2475 sentire
1101 2415 1298 2488 nefaS,
1326 2427 1474 2477 tunc
1500 2422 1589 2476 ire
1616 2428 1898 2477 recentes
2175 2428 2241 2478 10

432 2516 748 2574 detersum
774 2515 1063 2573 maculas,
1143 2520 1341 2575 veteri
1365 2526 1507 2594 post
1535 2518 1757 2575 obruta
1783 2519 1995 2577 morbo

432 2636 684 2694 corpora
712 2615 1008 2674 Paeonias
1036 2619 1413 2693 nequiquam
1441 2617 1781 2676 admoveris
1809 2618 2047 2676 herbas.

432 2716 636 2773 ulcera
662 2719 952 2793 possessis
982 2714 1107 2772 alte
1135 2713 1362 2773 suffusa
1388 2715 1670 2774 medullis

432 2836 556 2872 non
582 2814 808 2873 leviore
836 2834 1044 2882 manu,
1071 2812 1234 2872 ferro
1262 2824 1557 2873 sanantur
1585 2824 1652 2874 et
1676 2819 1826 2894 igni,

432 2932 511 2970 ne
539 2921 761 2990 noceat
786 2911 1014 2970 frustra
1040 2932 1184 2969 mox
1214 2921 1508 2991 eruptura
1534 2918 1808 2989 cicatrix,
2080 2972 2084 2977 ,
2177 2923 2242 2972 15

433 3011 512 3069 ad
538 3015 743 3069 vivum
768 3019 1104 3089 penetrant
1131 3010 1438 3082 flammae,
1467 3033 1588 3090 quo
1614 3011 1892 3072 funditus
1919 3034 2095 3071 umor

432 3108 668 3168 defluat
696 3119 762 3168 et
788 3113 993 3168 vacuis
1020 3115 1307 3187 corrupto
1335 3115 1632 3188 sanguine
1660 3115 1830 3170 venis

436 3226 550 3276 184
