2511 3938
1213 334 1661 394 CLAUDIAN

538 491 784 577 ereptas
814 489 1360 577 quaesivit’aquaS‚
1389 516 1540 574 quas
1569 493 1847 555 hostibus
1875 505 2025 556 ante
2240 510 2344 560 480

536 602 856 677 contiguas
886 598 1004 657 alio
1033 595 1286 655 Stilicho
1315 595 1657 655 deflexerat
1686 604 1830 655 actu
2334 585 2339 590 ⁹

535 702 988 777 mirantemque
1017 716 1203 755 novas
1230 698 1446 774 ignota
1472 715 1585 773 per
1613 697 1749 754 avia
1777 695 1964 756 valles

532 801 794 858 iusserat
825 816 1035 857 averso
1066 795 1318 855 fluvium
1347 798 1610 873 migrare
1640 803 1873 854 meatu.

611 897 812 957 Obvia
840 896 989 975 quid
1017 899 1239 954 mirum
1267 898 1446 964 vinci,
1475 915 1615 953 cum
1643 895 1937 954 barbarus
1967 895 2128 955 ultro

533 1000 657 1056 iam
687 999 898 1074 cupiat
926 999 1152 1055 servire
1183 995 1297 1053 tibi
1324 995 1347 1052 ?
1427 999 1538 1051 tua
1568 991 1850 1053 Sarmata
1879 996 2104 1055 discors
2235 1007 2339 1056 485

532 1104 918 1156 sacramenta
942 1098 1107 1173 petit
1132 1113 1148 1163 3
1195 1096 1472 1171 proiecta
1496 1092 1659 1171 pelle
1688 1092 1959 1153 Gelonus

532 1196 759 1255 militat
784 1215 800 1266 3
849 1199 914 1253 in
945 1195 1155 1253 Latios
1183 1197 1338 1252 ritus
1367 1195 1669 1252 transistis
1698 1193 1901 1252 Alani.

531 1304 604 1354 ut
630 1294 823 1354 fortes
850 1298 915 1352 in
946 1293 1156 1352 Marte
1185 1296 1343 1350 viros
1374 1295 1713 1371 animisque
1741 1301 2011 1370 paratoS,

529 1398 615 1453 sic
641 1397 833 1454 iustos
859 1396 924 1452 in
949 1412 1103 1471 pace
1130 1392 1284 1471 legis
1310 1391 1687 1470 longumque
1714 1394 1906 1451 tueris

531 1493 759 1552 electos
787 1493 1013 1552 crebris
1041 1511 1156 1550 nec
1184 1491 1654 1549 succedentibus
1682 1510 1886 1569 urges.
2231 1504 2340 1554 490

527 1592 835 1659 iudicibus
857 1593 1017 1649 notis
1046 1593 1338 1668 regimur,
1366 1587 1746 1668 fruimurque
1776 1594 2001 1668 quietis

529 1690 908 1769 militiaeque
939 1691 1135 1760 boniS,
1166 1708 1281 1747 ceu
1312 1688 1610 1749 bellatore
1644 1689 1919 1762 Quirino,

528 1810 643 1850 ceu
667 1789 908 1868 placido
933 1790 1299 1848 moderante
1327 1789 1549 1847 Numa.
1630 1810 1753 1847 non
1777 1794 2039 1851 inminet
2064 1796 2250 1864 ensiS‚

529 1888 731 1948 nullae
758 1888 1052 1948 nobilium
1079 1889 1302 1947 caedes
1328 1907 1344 1958 3
1393 1908 1516 1946 non
1542 1891 1795 1948 crimina
1819 1890 2003 1969 vulgo

531 1995 827 2048 texuntur
853 2007 868 2059 3
916 1990 1120 2067 patria
1146 1997 1421 2048 maestus
1448 2009 1574 2047 non
1602 1991 1872 2050 truditur
1901 1992 2043 2051 exul
2069 2012 2085 2063 3
2228 2004 2337 2053 495

526 2090 714 2165 impia
742 2092 1015 2147 continui
1044 2096 1289 2147 cessant
1318 2097 1655 2166 augmenta
1683 2090 1900 2150 tributi
1926 2111 1942 2162 3

524 2206 648 2244 non
673 2186 947 2246 infelices
976 2186 1226 2246 tabulae
1253 2206 1269 2257 3
1318 2208 1440 2247 non
1469 2186 1649 2251 hasta
1674 2189 1896 2249 refixas

523 2287 738 2345 vendit
766 2305 914 2364 opes
941 2305 957 2357 3
1007 2287 1187 2345 avida
1215 2295 1417 2346 sector
1444 2308 1569 2346 non
1597 2309 1745 2347 voce
1775 2293 2020 2362 citatur,

525 2405 638 2444 nec
665 2394 777 2444 tua
802 2388 1056 2463 privatis
1084 2396 1367 2446 crescunt
1396 2391 1630 2447 aeraria
1659 2389 1917 2448 damnis,

525 2483 841 2542 munificus
871 2484 1046 2563 largi,
1076 2487 1188 2545 sed
1215 2507 1339 2545 non
1371 2496 1437 2546 et
1463 2488 1777 2566 prodiguS‚
1808 2496 1959 2550 auri.
2227 2504 2336 2555 500

521 2584 816 2660 perdurat
844 2604 967 2642 non
998 2594 1209 2663 empta
1238 2585 1389 2644 fides
1418 2606 1533 2645 nec
1560 2597 1813 2665 pectora
1840 2610 2074 2650 merces

524 2680 757 2759 adligat
782 2701 798 2751 3
845 2685 980 2759 ipsa
1007 2704 1117 2742 suo
1143 2704 1254 2762 pro
1281 2687 1538 2764 pignore
1565 2697 1767 2747 castra
1791 2689 2075 2751 laborant
2099 2711 2115 2763 3

521 2787 587 2838 te
614 2780 787 2839 miles
814 2786 1080 2841 nutritor
1106 2793 1296 2843 amat.

1367 2884 1544 2957 Quae
1579 2887 1846 2965 denique
1883 2889 2115 2950 Romae

514 3130 603 3245 fo:
621 3128 861 3246 galensoe
885 3130 948 3183 of
967 3131 1060 3185 the
1082 3132 1392 3199 proscribed
1420 3133 1529 3186 and
1552 3135 1616 3187 of
1635 3136 1775 3190 their
1801 3127 2095 3203 properti&
2119 3146 2221 3205 put
2248 3159 2333 3210 up

517 3281 633 3334 322
