2511 3938
1155 369 1604 429 CLAUDIAN

477 542 715 593 starent
744 532 1067 603 Arcadiae,
1094 540 1334 591 starent
1364 531 1842 591 Lacedaemonis
1870 549 2039 589 arces
2065 549 2081 599 ;

476 648 599 687 non
625 648 795 686 mare
822 627 1123 699 fumasset
1149 630 1466 706 geminum
1492 625 1796 704 flagrante
1824 624 2116 685 Corintho
2187 632 2289 682 190

477 743 591 782 nec
615 721 750 781 fera
776 722 1108 800 Cecropiae
1134 725 1470 780 traxissent
1494 719 1735 778 vincula
1760 728 2009 778 matres,

473 816 579 875 illa
605 816 735 875 dies
760 820 969 894 potuit
994 819 1217 874 nostris
1242 818 1561 894 imponere
1588 813 1777 872 finem

475 910 749 969 cladibus
777 919 844 970 et
870 909 1112 970 sceleris
1138 930 1353 968 causas
1381 908 1622 968 auferre
1646 907 1861 967 futuri.

474 1005 683 1063 invida
706 1022 819 1082 pro
846 1013 1147 1083 quantum
1172 1008 1381 1082 rapuit
1408 1003 1681 1062 Fortuna
1705 1001 2086 1080 triumphum
2111 1002 2125 1058 !

473 1102 638 1158 inter
667 1119 854 1177 equos
880 1103 1167 1177 interque
1194 1099 1377 1157 tubas
1405 1097 1700 1156 mandata
1724 1095 2008 1155 feruntur
2183 1103 2283 1152 195

471 1196 646 1272 regia
673 1202 740 1251 et
767 1196 987 1252 armati
1013 1196 1271 1251 veniunt
1298 1193 1566 1251 ductoris
1593 1191 1674 1250 ad
1700 1210 1899 1249 aures,

552 1287 892 1365 Obstupuit
918 1305 933 1357 3
982 1286 1161 1345 simul
1185 1290 1278 1345 ira
1302 1291 1521 1357 virum,
1547 1286 1728 1345 simul
1752 1285 1958 1345 obruit
1981 1288 2200 1363 ingens

472 1401 711 1441 maeror
738 1391 804 1440 et
828 1385 1051 1460 ignavo
1078 1389 1326 1440 tantum
1350 1381 1590 1440 licuisse
1617 1383 1864 1440 nocenti

470 1479 746 1535 miratur.
826 1474 1042 1534 dubios
1071 1495 1297 1553 anceps
1324 1478 1636 1534 sententia
1661 1473 1850 1533 volvit

472 1579 730 1628 eventus
759 1589 772 1626 :
819 1579 1081 1647 peragat
1106 1590 1347 1648 pugnas
1376 1589 1456 1627 an
1480 1568 1666 1627 fortia
1691 1576 1914 1645 coepta
2174 1575 2277 1624 200

468 1663 717 1723 deserat
742 1665 765 1722 ?
847 1662 1101 1741 Illyricis
1129 1664 1309 1722 ardet
1334 1683 1685 1723 succurrere
1713 1663 1950 1721 damnis
1977 1680 1993 1732 3

465 1760 812 1841 praeceptis
840 1756 1085 1815 obstare
1111 1760 1317 1816 timet.
1395 1760 1743 1815 reverentia
1766 1754 1999 1834 frangit

465 1853 710 1909 virtutis
738 1849 1014 1909 stimulos
1043 1870 1056 1908 :
1104 1849 1246 1909 hinc
1271 1850 1517 1928 publica
1542 1850 1864 1910 commoda
1890 1849 2176 1920 suadent,

464 1940 605 2001 hinc
632 1951 836 2002 metus
861 1943 1150 2003 invidiae.
1229 1942 1486 2002 tandem
1511 1943 1867 2024 indignatus
1896 1943 1976 2004 ad
2003 1953 2169 2005 astra

466 2037 710 2097 extollit
734 2038 970 2115 palmas
999 2047 1066 2097 et
1092 2038 1171 2097 ab
1196 2042 1321 2096 imo
1349 2047 1600 2115 pectore
1625 2039 1795 2099 fatur
1822 2061 1836 2099 :
2169 2048 2270 2098 205

545 2140 583 2167 “
611 2131 880 2190 Numina
909 2132 1199 2192 Romanis
1227 2132 1494 2191 necdum
1522 2138 1750 2193 satiata
1775 2137 1985 2204 ruiniS‚

464 2229 516 2283 si
540 2229 714 2285 iuvat
737 2230 1065 2305 imperium
1090 2231 1339 2305 penitus
1366 2226 1446 2285 de
1474 2231 1665 2306 stirpe
1692 2228 1921 2298 revelli,

463 2339 585 2378 uno
613 2320 923 2398 siplacuit
950 2321 1142 2380 deleri
1167 2320 1412 2381 saecula
1436 2320 1634 2401 lapsm

464 2417 514 2470 si
540 2418 716 2493 piget
743 2415 995 2473 humani
1022 2420 1288 2494 generiS,
1314 2425 1673 2494 prorumpat
1699 2420 1763 2473 in
1792 2437 1936 2474 arva

461 2501 715 2568 libertas
744 2507 974 2567 effrena
999 2513 1183 2567 maris
1209 2509 1310 2568 vel
1332 2509 1529 2567 limite
1554 2514 1718 2569 iusto
2165 2518 2265 2567 210

462 2602 674 2662 devius
704 2613 978 2664 errantes
1007 2604 1335 2663 Phaethon
1361 2604 1697 2664 confundat
1724 2604 2016 2663 habenas,
2051 2613 2056 2618 “

461 2717 569 2757 cur
594 2718 706 2776 per
733 2697 1021 2757 Rufinum
1047 2703 1285 2777 geritur
1310 2700 1333 2757 Ρ
1412 2701 1812 2775 procumbere
1841 2700 2137 2758 mundum

460 2790 575 2850 hoc
603 2801 853 2851 auctore
879 2793 1096 2870 pudet.
1175 2793 1394 2851 mediis
1419 2812 1775 2852 revocamur
1802 2794 1880 2851 ab
1909 2798 2089 2853 armis

460 2886 596 2965 (pro
624 2886 794 2945 dolor
821 2886 860 2965 ἒ)
890 2895 956 2946 et
983 2890 1224 2946 strictos
1253 2887 1562 2965 deponere
1590 2892 1864 2965 cogimur
1892 2908 2088 2947 enses,

457 3000 585 3054 VQS,
614 2971 859 3039 arsurae
887 2981 1069 3039 urbes
1094 2986 1493 3059 perituraque
1520 2987 1784 3052 moenia,
1812 2991 2009 3042 testor
2035 3004 2049 3041 t
2164 2993 2263 3042 215

457 3076 610 3134 cedo
639 3076 928 3159 equidem
956 3085 1022 3134 et
1048 3079 1339 3134 miserum
1365 3080 1660 3154 permitto
1686 3067 2184 3137 casibus'orbem.

455 3168 689 3228 flectite
718 3173 912 3247 signa,
941 3170 1147 3228 duces,
1226 3171 1446 3229 redeat
1470 3174 1594 3228 iam
1621 3171 1794 3230 miles
1823 3172 2008 3230 Eous,

461 3295 538 3351 72
