2511 3938
1127 331 1575 392 CLAUDIAN

448 488 872 569 formosusque
901 494 1066 569 rigor
1094 491 1424 570 vultusque
1456 500 1712 550 auctura
1741 492 2039 551 verendos

450 576 706 631 canities
735 571 962 631 festina
990 577 1181 631 venit.
1262 594 1402 632 cum
1432 583 1596 632 sorte
1625 582 1866 632 remota
2156 581 2258 630 325

451 658 773 733 contingat
802 659 972 713 senio
1001 659 1271 732 gravitas
1301 660 1583 734 viresque
1613 659 1925 725 iuventae,

451 745 715 814 utraque
743 745 810 795 te
838 740 1031 816 cingit
1057 740 1315 815 propriis
1342 738 1681 816 insignibus
1712 746 1904 796 aetas,

451 827 703 876 ornatur
733 818 1005 877 Fortuna
1033 823 1181 878 viro,
1263 839 1385 877 non
1414 819 1538 877 ulla
1567 820 1828 878 nocendi

451 899 580 958 tela
607 920 722 958 nec
749 899 963 959 infecti
990 899 1212 980 iugulis
1241 900 1515 960 civilibus
1547 921 1744 959 enses,

451 1003 575 1041 non
600 982 809 1040 odium
834 991 1067 1041 terrore
1091 1002 1301 1041 moves
1326 1003 1441 1041 nec
1465 982 1642 1041 frena
1665 982 1915 1042 resolvit
2156 989 2258 1039 330

453 1067 691 1142 gratia3
733 1062 1040 1142 diligimus
1067 1068 1301 1142 pariter
1327 1069 1683 1142 pariterque
1713 1069 2022 1124 timemus,

452 1149 585 1223 ipse
613 1154 816 1204 metus
845 1154 912 1204 te
939 1154 1160 1204 noster
1177 1155 1368 1216 amat,
1395 1151 1725 1205 iustissime
1752 1147 1962 1225 legum

455 1229 705 1297 arbiter,
737 1231 1024 1306 egregiae
1053 1231 1220 1306 pacis
1250 1227 1540 1287 fidissime
1571 1237 1796 1298 custOS,

455 1312 690 1386 optime
724 1310 1068 1379 ductorum,
1099 1308 1584 1369 fortunatissime
1616 1319 1885 1388 patrum.

453 1391 590 1469 plus
616 1395 761 1460 iam,
787 1391 923 1469 plus
951 1392 1198 1450 domino
1226 1396 1432 1451 cuncti
1458 1393 1688 1451 debere
1715 1391 2004 1460 fatemur,
2160 1397 2263 1446 335

456 1473 622 1551 quod
652 1492 845 1550 gener
875 1481 992 1542 est,
1020 1477 1270 1543 invicte,
1302 1482 1466 1532 tuus,
1545 1477 1771 1531 vincire
1803 1493 2024 1531 corona
2050 1491 2066 1541 3

454 1558 656 1612 insere
685 1564 752 1613 te
780 1558 1002 1613 nostris
1031 1564 1389 1633 contempto
1417 1559 1549 1613 iure
1579 1554 1833 1613 choreis,

456 1639 541 1694 sic
571 1655 727 1713 puer
757 1636 1093 1695 Eucherius
1125 1646 1378 1714 superet
1408 1640 1638 1695 virtute
1668 1644 2029 1714 parentem3

459 1737 646 1775 aurea
676 1722 760 1776 sic
789 1718 1000 1776 videat
1029 1718 1254 1776 similes
1285 1717 1684 1776 Thermantia
1713 1718 1929 1776 taedas
1956 1736 1971 1787 ;

457 1802 541 1856 sic
570 1807 782 1857 uterus
809 1808 1045 1858 crescat
1074 1799 1313 1858 Mariae
1336 1819 1351 1869 ;
1394 1803 1477 1858 sic
1504 1807 1687 1857 natus
1712 1803 1776 1856 in
1805 1808 1969 1857 ostro
2164 1804 2266 1854 340

458 1900 680 1958 parvus
712 1879 1094 1940 Honoriades
1123 1883 1384 1959 genibus
1415 1880 1692 1939 considat
1723 1878 1961 1938 avitiS.’'

530 2134 550 2164 1
586 2134 882 2185 Eucherius
925 2135 1083 2199 (born
1127 2134 1295 2185 about
1338 2134 1462 2198 388)
1506 2150 1615 2184 was
1658 2134 1749 2184 the
1792 2149 1907 2192 son,
1951 2132 2060 2183 and
2104 2132 2273 2183 Ther-

461 2202 666 2250 mantia
718 2200 810 2251 the
862 2217 1106 2265 younger
1158 2200 1443 2264 daughter,
1497 2199 1559 2250 of
1608 2199 1831 2250 Stilicho
1883 2198 1993 2249 and
2047 2197 2268 2251 Serena.

460 2264 615 2315 After
638 2266 730 2317 the
753 2266 915 2317 death
941 2266 1002 2316 of
1025 2267 1204 2316 Maria
1226 2266 1322 2316 she
1345 2265 1566 2316 became
1591 2264 1880 2315 Honorius'
1906 2264 2103 2314 second
2127 2264 2262 2315 wife.

467 3299 584 3360 266
