2511 3938
1206 261 1654 321 CLAUDIAN

527 445 713 505 quam
740 444 943 502 neque
969 422 1063 482 fas
1090 422 1386 502 Zephyris
1412 421 1614 501 frangi
1640 442 1755 480 nec
1782 422 1908 481 sole
1934 433 2255 501 perustam

528 511 762 566 aestivo
789 505 1052 564 candore
1080 509 1234 563 mori
1261 524 1278 574 3
1326 504 1438 563 sed
1462 504 1665 563 vivida
1691 503 1940 563 frondet

528 607 911 667 aequaevum
939 586 1260 664 complexa
1287 594 1494 663 caput.
1574 589 1819 644 taurina
1844 585 2129 645 levantur
2232 597 2344 646 220

527 690 754 730 cornua
780 668 1159 746 temporibus
1186 687 1401 725 raucos
1428 667 1715 726 sudantia
1739 670 1898 725 rivos
1920 686 1937 737 3

527 750 828 810 distillant
853 769 966 828 per
990 757 1208 827 pectus
1237 768 1436 826 aquae
1464 767 1480 817 3
1527 747 1693 807 frons
1721 748 1961 826 hispida
1986 758 2201 808 manat

526 833 821 891 imbribus
849 850 865 900 3
911 834 976 888 in
1002 830 1265 908 liquidos
1291 829 1497 887 fontes
1524 849 1590 887 se
1619 830 1812 888 barba
1836 834 2124 908 repectit.

527 913 690 993 palla
716 932 934 992 graves
962 931 1203 970 umeros
1230 910 1420 980 velat,
1447 931 1634 988 quam
1660 920 1918 970 neverat
1945 932 2099 970 uxor

528 996 642 1055 Ilia
667 1013 1027 1073 percurrens
1055 997 1282 1052 vitreas
1310 992 1424 1050 sub
1450 996 1697 1070 gurgite
1726 992 1903 1051 telas.
2232 1003 2344 1053 225

606 1076 722 1134 Est
746 1080 810 1133 in
839 1074 1136 1133 Romuleo
1161 1074 1570 1152 procumbens
1595 1073 1793 1132 insula
1818 1072 2051 1152 Thybri

527 1176 650 1233 qua
676 1157 915 1215 medius
941 1159 1219 1234 geminas
1244 1154 1547 1214 interfluit
1574 1154 1781 1213 alveus
1809 1155 1991 1213 urbes

524 1238 819 1297 discretas
847 1238 1153 1296 subeunte
1178 1235 1364 1306 freto,
1389 1240 1744 1314 pariterque
1770 1240 2078 1295 minantes

526 1320 717 1379 ardua
743 1323 1085 1397 turrigerae
1112 1327 1374 1396 surgunt
1398 1322 1464 1375 in
1489 1317 1754 1377 culmina
1780 1321 1971 1396 ripae.

523 1399 621 1459 hic
647 1405 827 1460 stetit
854 1409 920 1459 et
947 1400 1220 1458 subitum
1245 1403 1565 1477 prospexit
1591 1400 1670 1458 ab
1698 1418 1927 1477 aggere
1953 1408 2188 1458 votum:
2230 1409 2339 1460 230

524 1486 844 1541 unanimos
864 1482 887 1518 1
912 1480 1135 1540 fratres
1161 1484 1373 1539 iuncto
1399 1485 1672 1558 stipante
1700 1489 1921 1538 senatu

521 1566 610 1621 ire
636 1562 839 1622 forum
866 1566 1233 1640 strictasque
1260 1561 1471 1640 procul
1496 1562 1735 1620 radiare
1763 1581 2005 1620 secures

520 1653 712 1722 atque
740 1665 863 1703 uno
888 1644 1128 1722 biiuges
1155 1643 1288 1703 tolli
1315 1643 1394 1702 de
1419 1643 1629 1701 limine
1654 1641 1873 1701 fasces.

519 1726 842 1803 obstupuit
867 1729 999 1784 visu
1026 1744 1446 1803 suspensaque
1473 1724 1700 1802 gaudia
1725 1743 1940 1782 vocem

523 1827 879 1885 oppressam
906 1815 1166 1865 tenuere
1194 1806 1301 1865 diu
1328 1825 1343 1875 3
1391 1826 1536 1863 mox
1562 1804 1812 1864 incohat
1839 1825 1943 1863 ore
1967 1826 1981 1863 ε
2224 1816 2334 1866 235

600 1897 638 1924 “
664 1888 944 1965 Respice,
970 1891 1020 1946 si
1047 1887 1203 1946 tales
1228 1891 1422 1946 iactas
1450 1887 1669 1945 aluisse
1696 1886 1965 1956 fluentiS,

517 1971 753 2030 Eurota
779 1968 1104 2048 Spartane,
1130 1973 1274 2028 tuiS.
1355 1968 1504 2047 quid
1527 1968 1786 2046 protulit
1811 1989 2079 2047 aequum

517 2050 706 2111 falsus
734 2051 883 2122 olor,
910 2051 1111 2110 valido
1139 2054 1417 2129 quamvis
1445 2051 1777 2110 decernere
1805 2060 2018 2110 caestu

516 2137 758 2192 noverit
785 2142 851 2193 et
876 2133 1112 2191 ratibus
1139 2152 1354 2190 saevas
1382 2151 1588 2191 arcere
1613 2131 1910 2210 procellas
1934 2133 1956 2189 ?

517 2234 596 2273 en
622 2235 780 2273 nova
809 2214 1071 2274 Ledaeis
1099 2212 1342 2272 suboles
1368 2212 1705 2291 fulgentior
1731 2217 1931 2282 astriS‚
2220 2224 2329 2273 240

516 2316 658 2355 ecce
686 2300 810 2354 mei
836 2300 1020 2364 civeS‚
1047 2315 1308 2373 quorum
1333 2298 1457 2351 iam
1485 2293 1751 2372 Signifer
1776 2302 1956 2372 optat

517 2378 855 2437 adventum
881 2376 1197 2455 stellisque
1222 2385 1405 2453 parat
1431 2395 1705 2433 convexa
1729 2373 1974 2433 futuris,

513 2463 639 2518 iarn
663 2479 776 2536 per
802 2461 1158 2536 noctivagos
1185 2458 1537 2516 dominetur
1564 2456 1852 2535 Olybrius
1881 2477 2028 2515 axes

509 2560 622 2618 pro
651 2540 896 2599 Polluce
922 2540 1171 2609 rubenS,
1196 2560 1309 2617 pro
1337 2538 1592 2597 Castore
1618 2537 1866 2596 flamma
1894 2538 2161 2597 Probini.

672 2670 693 2702 ¹
728 2672 872 2731 Birt,
887 2669 1172 2735 followiny
1197 2684 1333 2727 uss„
1359 2670 1671 2727 unanimes;
1704 2668 1848 2718 Koch
1877 2670 2162 2720 unanimos

587 2856 607 2886 ¹
642 2856 874 2919 Jupiter,
917 2853 1038 2904 who
1082 2852 1303 2903 courted
1349 2851 1498 2903 Leda
1542 2854 1597 2902 in
1641 2852 1733 2903 the
1775 2851 1915 2902 form
1960 2852 2021 2902 of
2070 2869 2104 2903 a
2156 2869 2324 2913 swan,

516 2922 804 2984 becoming
832 2919 909 2983 by
938 2919 1033 2969 her
1061 2919 1153 2969 the
1180 2918 1357 2968 father
1387 2917 1448 2967 of
1472 2917 1663 2976 Helen,
1694 2917 2103 2981 Clytemnestra,
2135 2918 2328 2969 Castor

515 2986 626 3037 and
652 2986 858 3036 Pollux.
919 2984 1091 3034 These
1114 2984 1271 3034 latter
1292 2987 1399 3034 two
1416 2999 1554 3033 were
1574 2983 1667 3033 the
1691 2988 1909 3046 patrous
1934 2983 1996 3033 of
2014 2984 2106 3034 the
2128 2985 2324 3049 ring—

519 3052 687 3102 hence
722 3057 756 3079 “
772 3049 1055 3100 decernere
1092 3054 1277 3099 caestu
1294 3048 1326 3070 ’'
1363 3047 1421 3112 (1.
1456 3051 1613 3115 238„
1660 3046 1771 3099 and
1804 3047 1866 3098 of
1893 3048 2322 3101 sailors—hence

519 3123 554 3147 ‘⁶
569 3132 749 3168 arcere
774 3113 1032 3179 procellas
1050 3113 1081 3136 ’⁹
1107 3113 1166 3178 (1.
1189 3116 1334 3180 239).

527 3203 593 3255 18
