2511 3938
1104 350 1553 410 CLAUDIAN

424 510 518 568 bis
545 530 723 568 senas
749 518 1045 588 torquent
1071 509 1327 580 hiemeS,
1354 510 1687 568 cervicibus
1716 529 1794 568 ex
1823 530 1944 588 quo

424 600 642 659 haeret
669 604 847 659 triste
874 604 1109 679 iugum.
1163 604 1386 660 nostris
1412 605 1537 659 iam
1563 601 1827 660 luctibus
1853 602 1956 660 ille
2135 612 2231 660 155

424 694 745 750 consenuit
770 709 1155 769 regnumque
1182 692 1298 750 sibi
1323 701 1422 750 tot
1446 692 1717 750 vindicat
1744 712 1954 751 annos.

426 790 614 860 atque
642 785 877 840 utinam
907 801 1168 860 regnum
1195 783 1207 840 Ξ
1288 786 1528 860 privato
1553 786 1685 841 iure
1712 792 2000 841 tenemur

427 877 635 952 exigui
661 877 866 951 specie
892 871 1088 932 fundi.
1170 873 1337 951 quod
1364 873 1535 932 Nilus
1565 882 1631 932 et
1658 874 1835 933 Atlas

426 964 702 1034 dissidet,
729 963 994 1022 occiduis
1024 963 1189 1042 quod
1217 964 1493 1023 Gadibus
1522 965 1693 1024 arida
1718 966 1909 1024 Barce

427 1056 714 1134 quodque
745 1054 1110 1113 Paraetonio
1137 1056 1374 1114 secedit
1398 1055 1578 1114 litore
1605 1056 1807 1135 Tingi,
2135 1066 2231 1115 160

426 1146 540 1205 hoc
567 1146 682 1205 sibi
710 1149 1090 1224 transcripsit
1113 1150 1450 1224 proprium.
1529 1166 1670 1224 pars
1696 1151 1884 1206 tertia
1910 1149 2125 1207 mundi

427 1241 604 1296 unius
630 1237 956 1316 praedonis
984 1256 1153 1315 ager.

1278 1336 1316 1363 “
1342 1326 1733 1386 Distantibus
1757 1328 1925 1386 idem

426 1422 590 1476 inter
616 1437 682 1475 se
709 1420 871 1475 vitiis
897 1421 1131 1475 cinctus
1160 1438 1174 1475 ε
1223 1418 1654 1496 quodcumque
1678 1417 1983 1497 profunda

424 1512 618 1568 traxit
645 1511 920 1577 avaritia,
945 1508 1095 1566 luxu
1119 1512 1330 1586 peiore
1357 1508 1652 1568 refundit.

420 1603 615 1658 instat
642 1598 928 1657 terribilis
954 1602 1126 1668 viviS,
1153 1600 1556 1657 morientibus
1583 1599 1783 1670 hereS,
2136 1611 2232 1659 165

423 1691 758 1769 virginibus
785 1697 1015 1767 raptor,
1041 1689 1327 1747 thalamis
1355 1690 1691 1748 obscaenus
1719 1691 1981 1750 adulter.

426 1781 591 1839 nulla
618 1784 790 1858 quies
820 1799 834 1838 :
882 1782 1074 1838 oritur
1098 1780 1330 1858 praeda
1356 1789 1638 1839 cessante
1665 1780 1876 1851 libido,

423 1872 839 1949 divitibusque
867 1871 997 1929 dies
1026 1879 1092 1929 et
1117 1892 1239 1929 nox
1267 1872 1605 1931 metuenda
1630 1876 1885 1931 maritis.

425 1965 696 2041 quisquis
723 1960 822 2020 vel
847 1961 1115 2040 locuples
1140 1961 1396 2040 pulchra
1421 1962 1520 2022 vel
1545 1967 1805 2044 coniuge
1832 1974 2013 2025 notus
2020 2010 2036 2037 ,

424 2057 676 2113 crimine
702 2053 983 2132 pulsatur
1007 2052 1161 2113 falso
1188 2073 1203 2124 3
1251 2058 1303 2113 si
1329 2059 1582 2114 crimina
1609 2056 1855 2127 desunt,
2135 2066 2232 2115 170

425 2149 654 2203 accitus
681 2148 932 2203 conviva
956 2148 1141 2222 perit.
1222 2166 1383 2205 mors
1410 2147 1577 2205 nulla
1602 2146 1834 2226 refugit

426 2236 725 2295 artificem
753 2256 767 2293 :
815 2240 1011 2294 varios
1039 2257 1212 2295 sucos
1239 2257 1611 2315 spumasque
1638 2243 1894 2316 requirit

425 2335 784 2405 serpentum
810 2327 1032 2386 virides
1062 2335 1127 2385 et
1155 2328 1354 2386 adhuc
1379 2332 1594 2407 ignota
1619 2333 1892 2388 novercis

425 2423 723 2498 gramina.
804 2422 854 2476 si
881 2422 1204 2497 quisquam
1231 2419 1406 2477 vultu
1430 2424 1782 2498 praesentia
1809 2421 2065 2480 damnet

423 2509 750 2567 liberiusve
777 2516 1012 2586 gemat,
1040 2507 1301 2586 dapibus
1328 2509 1588 2568 crudelis
1613 2513 1678 2567 in
1703 2514 1848 2588 ipsis
2136 2520 2233 2568 175

428 2602 652 2657 emicat
680 2598 760 2657 ad
786 2607 1008 2656 nutum
1034 2602 1247 2657 stricto
1274 2620 1564 2658 mucrone
1590 2604 1888 2659 minister.

426 2689 581 2748 fixus
611 2692 869 2767 quisque
897 2697 1032 2747 toro
1059 2692 1252 2747 tacita
1277 2687 1602 2749 formidine
1627 2690 1783 2749 libat

425 2779 736 2839 carnifices
766 2779 976 2857 epulas
1002 2782 1363 2857 incertaque
1388 2780 1608 2858 pocula
1632 2781 1866 2859 pallens

426 2869 633 2929 haurit
661 2878 727 2928 et
750 2873 1024 2928 intentos
1051 2873 1239 2947 capiti
1266 2874 1673 2949 circumspicit
1699 2890 1897 2931 enses.

427 2960 714 3039 splendet
738 2960 1034 3018 Tartareo
1060 2958 1292 3018 furialis
1319 2981 1533 3019 mensa
1556 2970 1779 3039 paratu
2134 2971 2231 3020 180

426 3051 617 3111 caede
644 3051 921 3121 madenS,
949 3059 1127 3109 atrox
1152 3051 1379 3129 gladio,
1406 3061 1691 3130 suspecta
1717 3073 1976 3111 veneno,

1159 3208 1180 3240 ²
1213 3208 1494 3274 TangierS.

434 3297 458 3348 1
474 3295 548 3347 10
