2511 3938
1131 330 1579 391 CLAUDIAN

457 501 522 551 et
547 493 782 572 rigidae
810 493 1026 552 sedere
1054 513 1289 563 comae,
1316 513 1441 551 non
1466 492 1705 551 distulit
1732 501 1908 550 atrox

456 583 617 637 iussa
644 580 800 638 deae
827 599 842 649 3
891 583 1086 650 sociiS,
1114 600 1275 658 quae
1302 580 1562 649 viderat,
1590 579 1801 637 ordine
1828 578 2047 656 pandit
2157 585 2261 635 235

455 669 793 744 inritatque
820 670 1015 744 sequi.
1096 665 1391 724 Coniurat
1417 666 1677 723 barbara
1702 665 1898 743 pubes

456 761 640 810 nacta
666 752 887 810 ducem
915 752 1233 831 Latiisque
1260 751 1466 830 palam
1493 751 1750 809 descivit
1777 751 1856 808 ab
1884 753 2085 808 armiS.

535 838 681 896 Pars
734 838 1060 917 Phrygiae,
1113 837 1411 918 Scythicis
1464 856 1889 916 quaecumque
1939 836 2262 894 Trionibus

690 924 863 1003 alget

456 1015 755 1089 proxima,
782 1010 1102 1089 Bithynos,
1130 1010 1322 1068 solem
1349 1030 1510 1088 quae
1537 1009 1767 1080 condit,
1796 1009 1998 1079 IonaS,

457 1117 618 1175 quae
637 1097 822 1167 levat,
843 1100 1098 1174 attingit
1118 1095 1393 1155 GalataS.
1451 1100 1761 1174 utrimque
1779 1098 2105 1173 propinqui
2160 1101 2263 1150 240

459 1183 678 1242 finibus
707 1182 965 1262 obliquis
996 1183 1155 1262 Lydi
1184 1182 1550 1261 Pisidaeque
1577 1182 1812 1258 feroces

459 1273 823 1329 continuant
851 1269 1117 1328 australe
1145 1267 1328 1328 latuS.
1408 1289 1560 1348 gens
1588 1289 1711 1326 una
1737 1266 1911 1326 fuere

459 1362 557 1414 tot
584 1356 894 1434 quondam
920 1354 1152 1433 populi,
1177 1357 1444 1433 priscum
1471 1373 1814 1432 cognomen
1842 1362 1908 1411 et
1935 1373 2125 1411 unum

460 1441 770 1519 appellata
799 1441 1073 1521 Phryges
1101 1460 1116 1511 ;
1165 1441 1278 1499 sed
1305 1440 1479 1519 (quid
1504 1461 1630 1498 non
1655 1440 1840 1518 longa
1865 1438 2099 1497 valebit

459 1536 813 1604 permutare
841 1527 972 1585 dies
998 1527 1048 1606 ?)
1076 1527 1225 1585 dicti
1251 1535 1394 1604 post
1424 1526 1693 1584 Maeona
1718 1545 1933 1604 regem
2160 1532 2266 1579 245
2359 1591 2364 1592 γ

463 1612 782 1672 MaeoneS.
862 1614 1146 1691 Aegaeos
1172 1612 1402 1670 insedit
1430 1612 1689 1670 Graecia
1714 1621 1929 1689 portus
1955 1630 1971 1679 ;

459 1698 659 1777 Thyni
685 1699 951 1757 Thraces
979 1708 1158 1757 arant
1186 1718 1346 1777 quae
1373 1718 1535 1755 nunc
1561 1697 1854 1776 Bithynia
1879 1696 2076 1755 fertur
2102 1714 2117 1765 3

460 1804 656 1862 nuper
684 1786 763 1843 ab
791 1784 1040 1843 Oceano
1070 1783 1386 1842 Gallorum
1414 1786 1719 1841 exercitus
1745 1787 1963 1861 ingens

458 1870 574 1927 illis
603 1879 750 1928 ante
778 1890 968 1949 vagus
996 1870 1251 1928 tandem
1278 1870 1629 1947 regionibus
1658 1868 1859 1927 haesit

461 1977 772 2036 gaesaque
800 1956 1107 2035 deposuit,
1137 1955 1324 2015 Graio
1349 1960 1474 2014 iam
1501 1959 1665 2014 mitis
1695 1958 1945 2024 amictu,
2167 1960 2271 2010 250

459 2064 570 2122 pro
598 2043 814 2102 Rheno
840 2053 1098 2121 poturus
1127 2042 1356 2122 Halyn.
1436 2043 1546 2100 dat
1572 2050 1795 2100 cuncta
1821 2050 2097 2100 vetustas

460 2133 825 2208 principium
854 2130 1198 2209 Phrygibus
1226 2148 1242 2198 ;
1291 2148 1405 2186 nec
1431 2148 1543 2185 rex
1572 2128 1921 2206 Aegyptius
1950 2126 2110 2185 ultra

462 2219 714 2285 restitit,
743 2216 994 2274 humani
1020 2225 1353 2294 postquam
1379 2234 1536 2292 puer
1562 2215 1765 2272 uberis
1795 2233 2014 2291 expers

461 2305 526 2359 in
555 2300 886 2380 Phrygiam
910 2307 1177 2380 primum
1204 2301 1439 2359 laxavit
1464 2319 1776 2358 murmura
1802 2319 2034 2358 vocem.

542 2387 659 2445 Hic
686 2389 909 2447 cecidit
938 2389 1182 2468 Libycis
1210 2392 1443 2446 iactata
1468 2385 1794 2464 paludibus
1823 2385 1967 2443 olim
2171 2392 2275 2440 255

464 2475 638 2543 tibia,
667 2472 984 2532 foedatam
1012 2495 1151 2533 cum
1178 2473 1450 2532 reddidit
1477 2473 1693 2530 umbra
1724 2471 2091 2537 Minervam,

465 2559 564 2617 hic
594 2568 660 2618 et
687 2559 1011 2637 Apollinea
1038 2563 1235 2618 victus
1265 2558 1581 2618 testudine
1607 2567 1818 2635 pastor

466 2665 762 2723 suspensa
789 2665 1091 2704 memores
1118 2644 1408 2703 inlustrat
1433 2643 1595 2722 pelle
1625 2642 1944 2716 Celaenas.

535 2869 556 2899 ¹
592 2867 707 2918 The
746 2867 1015 2918 reference
1056 2870 1100 2918 is
1140 2873 1198 2918 to
1238 2867 1551 2918 Herodotus
1599 2869 1654 2917 ii.
1694 2870 1744 2916 2.
1797 2868 1801 2871 ’
1831 2864 2282 2922 Psammetichus,

469 2933 618 2999 King
650 2933 712 2984 of
747 2934 952 2999 Egypt,
984 2934 1216 2999 wishing
1254 2938 1312 2983 to
1351 2933 1465 2983 find
1506 2938 1603 2983 out
1640 2931 1814 2982 which
1860 2947 1970 2981 was
2007 2931 2101 2980 the
2140 2934 2287 2980 most

464 3002 682 3050 ancient
707 3002 913 3059 nation,
940 2998 1050 3049 had
1076 3004 1184 3049 two
1209 2998 1452 3048 children
1479 2997 1666 3048 reared
1693 3000 1748 3047 in
1774 3013 1897 3047 com
1937 2995 2040 3046 lete
2066 2995 2284 3045 silence.

467 3066 546 3116 As
579 3066 672 3115 the
697 3064 814 3114 first
840 3063 987 3115 word
1021 3065 1152 3128 they
1186 3064 1397 3115 uttered
1432 3079 1542 3113 was
1566 3068 1601 3091 ‘⁶
1625 3061 1849 3121 Becos,”
1877 3068 1900 3113 t
1940 3078 1969 3111 e
2003 3061 2285 3124 Phrygian

468 3130 616 3181 word
640 3130 726 3180 for
750 3135 784 3158 ‘⁶
806 3128 1030 3188 bread‚”
1058 3131 1299 3195 Phrygia
1323 3145 1433 3179 was
1456 3128 1720 3178 accorded
1743 3129 1836 3178 the
1859 3128 2088 3178 honour.

537 3196 557 3226 ²
598 3197 846 3246 Minerva
876 3198 920 3245 is
949 3195 1068 3246 said
1097 3201 1154 3246 to
1184 3196 1323 3245 have
1350 3196 1560 3245 thrown
1592 3194 1687 3243 her
1715 3196 1842 3258 pipe
1872 3195 1987 3243 into
2018 3192 2110 3242 the
2142 3193 2286 3241 river

474 3283 591 3333 202
