2511 3938
1131 339 1580 400 CLAUDIAN

453 500 620 577 quod
645 499 799 558 libet
824 503 1094 579 ingenio,
1121 501 1352 579 subigit
1379 502 1694 581 traditque
1721 501 2052 562 fruendum
2077 521 2093 571 ;

453 594 754 672 quidquid
781 615 971 665 amaS,
999 596 1173 655 dabit
1199 595 1304 653 illa
1330 617 1546 655 manus
1574 616 1589 667 3
1638 601 2048 655 communiter
2075 600 2241 655 omni

453 687 734 766 fungitur
760 689 953 747 officio
979 690 1340 769 gaudetque
1366 694 1650 768 potentia
1677 690 1863 750 flecti.

452 782 568 842 hoc
596 803 841 862 quoque
869 784 1133 844 conciliis
1159 789 1407 864 peperit
1432 789 1778 864 meritoque
1806 785 2104 855 laborum,

454 881 676 955 accipit
706 887 770 937 et
798 880 1045 938 trabeas
1073 889 1333 958 argutae
1359 883 1635 958 praemia
1662 877 1985 939 dextrae.’'
2162 887 2265 935 370

529 969 862 1050 Postquam
892 992 1037 1031 vera
1063 972 1215 1032 fides
1241 972 1477 1031 facinus
1504 972 1779 1051 vulgavit
1804 972 2004 1030 Eoum

454 1068 745 1144 gentibus
775 1076 840 1126 et
868 1066 1101 1126 Romae
1128 1073 1253 1127 iam
1280 1072 1505 1127 certius
1532 1067 1777 1145 impulit
1806 1087 2005 1137 aures,

455 1169 495 1196 “
516 1159 967 1238 Eutropiumne
994 1165 1184 1220 etiam
1212 1170 1424 1220 nostra
1449 1161 1843 1240 dignabimur
1869 1165 1961 1218 ira
1987 1161 2010 1217 ?

454 1251 553 1310 hic
581 1273 828 1333 quoque
857 1254 1117 1314 Romani
1143 1259 1372 1314 meruit
1398 1275 1539 1333 pars
1568 1275 1701 1313 esse
1729 1255 1949 1314 doloris
1972 1255 1995 1311 ?
2024 1253 2059 1274 ”

456 1351 541 1405 sic
568 1347 758 1406 effata
782 1353 945 1427 rapit
972 1350 1126 1408 caeli
1151 1370 1266 1428 per
1291 1353 1498 1408 inania
1524 1370 1767 1408 cursum
2161 1358 2264 1406 375

456 1433 597 1501 dira
621 1452 844 1521 potens
873 1465 1118 1524 unoque
1147 1443 1386 1504 Padum
1413 1445 1754 1523 translapsa
1780 1444 1988 1502 volatu

455 1546 657 1595 castra
684 1542 776 1596 sui
804 1543 1056 1598 rectoris
1086 1540 1236 1598 adit.
1318 1549 1454 1598 tum
1479 1538 1640 1598 forte
1669 1539 1923 1598 decorus

454 1652 594 1690 cum
622 1631 954 1692 Stilichone
981 1653 1174 1711 gener
1198 1654 1418 1711 pacem
1444 1634 1910 1712 implorantibus
1939 1632 2099 1691 ultro

455 1725 777 1785 Germanis
805 1747 1098 1805 responsa
1125 1728 1338 1799 dabat,
1366 1728 1659 1806 legesque
1687 1728 1903 1786 Caucis

455 1819 680 1878 arduus
710 1829 775 1878 et
802 1819 972 1878 flavis
1000 1822 1286 1899 signabat
1311 1825 1444 1880 iura
1472 1821 1708 1881 Suebis,
2161 1831 2264 1879 380

455 1911 548 1971 his
577 1913 795 1972 tribuit
820 1933 1021 1992 regeS,
1048 1914 1141 1972 his
1169 1915 1383 1975 obside
1410 1915 1664 1976 foedera
1690 1919 1885 1975 sancit

453 2007 685 2066 indicto
713 2027 728 2078 ;
777 2009 1077 2067 bellorum
1105 2009 1252 2068 alios
1282 2013 1634 2070 transcribit
1660 2015 1724 2068 in
1752 2032 1915 2080 usuS,

456 2102 681 2161 militet
708 2112 778 2162 ut
806 2107 1028 2162 nostris
1056 2105 1318 2164 detonsa
1344 2105 1708 2185 Sygambria
1734 2109 1942 2183 signis,

454 2197 623 2256 laeta
649 2199 817 2256 subit
844 2197 1103 2256 Romam
1129 2203 1332 2278 pietas
1362 2209 1427 2259 et
1454 2200 1681 2278 gaudia
1705 2220 1905 2276 paene

454 2302 780 2352 moverunt
806 2293 1084 2352 lacrimas
1113 2302 1416 2371 tantoque
1446 2294 1688 2352 exultat
1716 2293 1960 2352 alumno
1989 2314 2003 2350 t
2162 2302 2265 2351 385

454 2390 539 2444 sic
568 2396 849 2445 armenta
876 2408 987 2446 suo
1011 2391 1137 2446 iam
1165 2387 1531 2447 defensante
1558 2391 1813 2446 iuvenco

455 2481 672 2539 celsius
701 2482 1042 2559 adsurgunt
1070 2491 1316 2540 erectae
1344 2503 1571 2541 cornua
1597 2487 1801 2552 matri,

456 2579 540 2634 sic
567 2579 692 2634 iam
718 2576 1057 2635 terribilem
1083 2575 1342 2634 stabulis
1370 2577 1808 2654 dominumque
1835 2575 2104 2633 ferarum

456 2690 729 2728 crescere
758 2674 1015 2728 miratur
1041 2674 1329 2749 genetrix
1361 2671 1636 2750 Massyla
1660 2671 1923 2729 leonem.

456 2765 713 2823 dimovit
738 2765 1029 2823 nebulam
1055 2769 1386 2843 iuvenique
1416 2765 1702 2843 adparuit
1727 2769 1966 2843 ingens,
2164 2773 2268 2823 390

458 2865 595 2915 tum
623 2861 706 2915 sic
736 2878 872 2916 oras
900 2857 1067 2935 loqui
1097 2879 1110 2915 ε

527 2998 549 3029 ²
583 2998 732 3048 With
771 3014 805 3047 a
843 2997 974 3062 play
1014 3015 1161 3062 upon
1202 2999 1296 3048 the
1335 2998 1519 3048 sexual
1559 3002 1817 3063 meaning
1856 2999 1917 3049 of
1951 2999 2044 3048 the
2083 2998 2271 3049 word:

455 3063 650 3143 indeed
679 3064 772 3113 the
799 3064 973 3113 whole
1000 3080 1249 3128 passage,
1278 3064 1418 3114 from
1449 3064 1484 3115 l.
1515 3068 1617 3114 358
1647 3067 1691 3114 is
1719 3081 1753 3114 a
1782 3081 1927 3115 mass
1956 3064 2017 3114 of
2040 3064 2275 3114 obscene

460 3129 787 3245 ιῃῐῗωὶῗὲᾶῒῒε
809 3194 1140 3258 consulship.

466 3272 580 3330 166
