2511 3938
1173 368 1620 429 CLAUDIAN

495 537 861 611 captivoque
889 541 1132 612 rogant,
1161 552 1347 610 quam
1376 536 1424 590 si
1451 540 1799 610 post.terga
1824 534 2082 590 revincti

496 633 787 710 Tarpeias
814 635 1036 710 pressis
1065 633 1331 690 subeant
1359 633 1692 690 cervicibus
1722 651 1911 689 arces,

499 750 703 801 omne,
725 731 891 809 quod
911 731 1230 790 Oceanum
1250 730 1580 808 fontesque
1599 733 1927 788 interiacet
1947 729 2165 798 Histri,
2205 738 2308 785 215

498 833 675 887 unius
701 833 946 888 incursu
974 833 1232 888 tremuit
1258 849 1273 899 ;
1329 833 1459 887 sine
1488 830 1679 888 caede
1708 830 1996 887 subactus

498 932 745 987 servitio
771 928 997 988 Boreas
1026 932 1451 1006 exarmatique
1478 929 1751 987 Triones.
2090 913 2097 917 ’

511 1083 514 1084 ⁷
574 1028 875 1106 Tempore
903 1038 1034 1087 tam
1061 1049 1248 1106 parvo
1277 1037 1375 1087 tot
1400 1028 1632 1106 proelia
1658 1031 1955 1106 sanguine
1983 1026 2151 1086 nullo

499 1127 738 1204 perficis
761 1137 827 1186 et
846 1128 991 1185 luna
1011 1147 1208 1205 nuper
1228 1136 1522 1185 nascente
1543 1128 1854 1205 profectus

500 1234 646 1284 ante
671 1227 854 1296 redis,
880 1247 1067 1304 quam
1093 1235 1228 1285 tota
1251 1226 1392 1297 fuit,
1419 1227 1826 1306 Rhenumque
1853 1231 2158 1284 minacem
2207 1235 2311 1284 220

498 1328 780 1386 cornibus
808 1325 1082 1384 infractis
1114 1327 1271 1385 adeo
1300 1331 1623 1385 mitescere
1654 1331 1840 1405 cogiS,

503 1437 571 1485 ut
600 1426 795 1485 Salius
824 1430 948 1483 iam
976 1446 1118 1483 rura
1145 1425 1308 1483 colat
1336 1424 1651 1504 flexosque
1680 1425 2056 1504 Sygambrus

496 1529 560 1583 in
586 1524 810 1583 falcem
836 1533 1050 1583 curvet
1076 1524 1332 1603 gladioS‚
1359 1528 1761 1603 geminasque
1787 1528 1986 1582 viator

499 1645 639 1683 cum
667 1625 878 1683 videat
903 1627 1087 1701 ripaS‚
1116 1643 1277 1701 quae
1305 1627 1386 1681 sit
1414 1623 1711 1694 Romana,
1737 1627 2013 1701 requirat
2039 1640 2054 1691 ;

500 1733 571 1782 ut
598 1728 723 1781 iam
753 1732 922 1781 trans
953 1721 1204 1779 fluvium
1234 1742 1358 1780 non
1386 1722 1749 1800 indignante
1782 1722 2027 1780 Chauco
2206 1729 2310 1777 225

500 1831 713 1900 pascat
740 1822 933 1900 Belga
959 1841 1169 1898 pecus,
1198 1822 1595 1899 mediumque
1624 1825 1899 1899 ingressa
1925 1839 2037 1898 per
2066 1819 2279 1878 Albim

502 1920 735 1980 Gallica
767 1920 1137 1979 Francorum
1166 1929 1409 1979 montes
1441 1928 1723 1978 armenta
1749 1927 2073 1998 pererrent
2100 1937 2116 1989 ;

501 2030 573 2079 ut
599 2019 810 2097 procul
838 2017 1186 2098 Hercyniae
1213 2039 1326 2097 per
1353 2028 1528 2077 vasta
1556 2019 1800 2077 silentia
1827 2019 2013 2089 silvae

502 2122 709 2176 venari
737 2127 875 2176 tuto
902 2117 1107 2188 liceat,
1133 2118 1425 2195 lucosque
1452 2126 1701 2176 vetusta

501 2217 795 2295 religione
824 2226 1026 2275 truces
1057 2226 1123 2275 et
1150 2218 1336 2275 robur
1362 2218 1627 2274 numinis
1654 2220 1848 2274 instar
2209 2224 2313 2273 230

501 2317 801 2374 barbarici
828 2324 1074 2374 nostrae
1102 2315 1332 2374 feriant
1357 2320 1610 2393 impune
1638 2317 1958 2393 bipennes.

581 2415 760 2474 Ultro
790 2418 939 2493 quin
967 2419 1156 2473 etiam
1186 2415 1412 2474 devota
1440 2424 1652 2473 mente
1683 2423 1939 2473 tuentur

499 2517 838 2592 victorique
866 2512 1101 2572 favent.
1182 2518 1466 2592 quotiens
1498 2517 1727 2572 sociare
1757 2522 2035 2571 catervas

503 2616 699 2670 oravit
725 2616 1019 2690 iungique
1048 2616 1170 2670 tuis
1199 2613 1568 2670 Alamannia
1595 2615 1782 2691 signis
1810 2612 1822 2668 1

501 2731 615 2769 nec
644 2711 840 2769 doluit
869 2695 1228 2788 contempta
1257 2719 1491 2781 tamen,
1520 2698 1852 2789 spretoque
1882 2712 2138 2767 recessit
2212 2720 2315 2768 235
2395 2784 2398 2785 ⁷

503 2809 727 2867 auxilio
755 2809 1009 2867 laudata
1037 2808 1209 2867 fides,
1288 2813 1599 2887 provincia
1626 2813 1838 2867 missos

503 2907 776 2986 expellet
802 2911 979 2966 citius
1006 2906 1203 2965 fasces
1232 2927 1420 2985 quam
1449 2908 1704 2966 Francia
1729 2927 1930 2986 regeS,

502 3026 653 3084 quos
684 3006 947 3064 dederis,
1029 3010 1157 3064 acie
1187 3025 1302 3064 nec
1329 3009 1455 3063 iam
1482 3005 1724 3083 pulsare
1753 2995 2037 3075 rebelles,
2120 3031 2127 3036 ⁴

501 3106 611 3164 sed
638 3104 847 3162 vinclis
872 3108 1091 3182 punire
1118 3104 1266 3163 licet
1292 3123 1307 3174 ;
1357 3106 1471 3163 sub
1497 3105 1698 3163 iudice
1727 3113 1935 3163 nostro

498 3208 671 3283 regia
703 3197 1013 3263 Romanus
1047 3204 1330 3281 disquirit
1361 3207 1615 3262 crimina
1646 3222 1851 3262 carcer
1879 3223 1892 3260 ε
2213 3215 2319 3264 240

503 3305 619 3355 380
