2511 3938
1156 323 1604 384 CLAUDIAN

480 485 895 544 Marcomeres
912 485 1243 563 Sunnoque
1264 485 1475 554 docet3
1505 505 1764 563 quorum
1780 486 1936 545 alter
1953 487 2288 546 Etruscum

476 572 734 649 pertulit
762 571 1048 640 exilium3
1088 592 1229 629 cum
1257 591 1323 629 se
1350 576 1744 649 promitteret
1772 573 1928 631 alter

479 658 673 715 exulis
703 657 989 727 ultorem,
1016 661 1206 716 iacuit
1235 677 1525 715 mucrone
1555 678 1840 716 suorum:

477 763 574 801 res
604 744 766 802 avidi
793 748 1031 802 concire
1059 764 1246 801 novas
1275 743 1538 821 odioque
1566 743 1844 803 furentes

474 833 641 907 pacis
667 838 733 887 et
754 833 1002 908 ingenio
1027 829 1449 906 scelerumque
1474 831 1760 907 cupidine
1783 830 2026 889 fratres,
2182 840 2286 888 245

555 914 701 974 Post
726 916 989 974 domitas
1017 916 1236 973 Arctos
1265 914 1382 973 alio
1405 920 1686 993 prorupit
1712 917 1790 974 ab
1818 935 1935 974 axe

474 1009 817 1078 tempestas
846 1011 933 1071 et,
960 1021 1039 1058 ne
1068 1021 1191 1078 qua
1217 1004 1340 1059 tuis
1366 1004 1603 1059 intacta
1630 1005 1898 1079 tropaeis

474 1107 616 1165 pars
645 1086 828 1156 foret,
860 1087 1161 1145 Australis
1193 1091 1399 1145 sonuit
1428 1089 1601 1145 tuba.
1682 1096 1958 1146 moverat
1988 1109 2207 1148 omnes

479 1173 840 1230 Maurorum
868 1172 1049 1231 Gildo
1076 1172 1355 1250 popuIOS,
1383 1174 1604 1250 quibus
1630 1177 1893 1231 inminet
1920 1174 2098 1232 Atlas

478 1266 543 1316 et
571 1278 723 1336 quos
749 1262 1003 1317 interior
1029 1262 1216 1316 nimio
1242 1258 1427 1335 plaga
1454 1258 1580 1327 sole
1607 1258 1847 1337 relegat
1870 1280 1884 1317 ε
2180 1270 2284 1320 250

475 1363 627 1421 quos
654 1364 845 1423 vagus
873 1352 1149 1402 umectat
1177 1343 1407 1422 Cinyps
1436 1353 1501 1402 et
1527 1348 1838 1420 proximus
1868 1344 2058 1404 hortis

477 1430 890 1507 Hesperidum
917 1431 1131 1488 Triton
1160 1438 1227 1487 et
1257 1429 1367 1487 Gir
1393 1434 1743 1488 notissimus
1773 1435 1966 1488 amnis

474 1515 874 1593 Aethiopum,
905 1516 1082 1573 simili
1111 1520 1409 1574 mentitus
1438 1520 1684 1593 gurgite
1716 1516 1922 1574 Nilum
1948 1536 1963 1586 ;

474 1610 731 1659 venerat
758 1610 825 1659 et
850 1605 1050 1680 parvis
1078 1602 1399 1659 redimitus
1429 1600 1610 1659 Nuba
1636 1606 1878 1679 sagittis

476 1695 542 1745 et
561 1686 738 1745 velox
760 1687 1078 1756 Garamas,
1098 1707 1213 1745 nec
1234 1691 1510 1765 quamvis
1531 1689 1807 1746 tristibus
1829 1688 2143 1747 Hammon
2180 1699 2285 1747 255

471 1776 775 1849 responsis
804 1773 1067 1830 alacrem
1092 1777 1299 1850 potuit
1327 1772 1675 1831 Nasamona
1701 1779 1944 1832 morari.

474 1861 781 1935 stipantur
810 1857 1114 1916 Numidae
1142 1863 1365 1936 campi,
1393 1867 1563 1917 stant
1589 1859 1841 1936 pulvere
1870 1860 2082 1939 Syrtes

475 1943 801 2013 Gaetulae,
833 1943 1073 2003 Poenus
1102 1944 1312 2003 iaculis
1343 1946 1659 2004 obtexitur
1688 1951 1816 2004 aer.

473 2029 536 2087 hi
562 2034 734 2108 virga
760 2031 1159 2090 moderantur
1186 2051 1377 2109 equos
1404 2051 1419 2101 ;
1467 2031 1560 2088 his
1585 2030 1752 2089 fulva
1779 2032 1987 2091 leones

471 2115 822 2174 velamenta
852 2117 1087 2175 dabant
1116 2121 1591 2195 ignotarumque
1623 2116 1893 2175 ferarum
2178 2129 2283 2178 260

472 2206 754 2271 exuviae,
786 2206 971 2260 vastis
1004 2202 1223 2260 Meroe
1255 2223 1408 2280 quas
1438 2207 1634 2261 nutrit
1663 2203 1942 2273 harenis3

470 2297 828 2365 serpentum
858 2288 1100 2365 patulos
1131 2297 1384 2366 gestant
1412 2309 1523 2366 pro
1554 2290 1788 2348 casside
1818 2294 2043 2359 rictus;

467 2374 748 2450 pendent
775 2378 1060 2451 vipereae
1090 2394 1415 2452 squamosa
1441 2375 1603 2452 pelle
1631 2376 1981 2453 pharetrae.

470 2478 593 2517 non
620 2464 703 2518 sic
729 2463 1051 2518 intremuit
1077 2459 1317 2529 SimoiS,
1345 2481 1484 2519 cum
1511 2463 1822 2520 montibus
1852 2462 2002 2520 Idae

469 2548 644 2623 nigra
676 2546 979 2604 coloratus
1012 2546 1382 2623 produceret
1416 2551 1664 2624 agmina
1700 2548 2021 2617 Memnon,
2174 2559 2278 2606 265

468 2651 590 2688 non
619 2631 889 2709 GangeS,
916 2651 1055 2689 cum
1083 2632 1211 2690 tela
1235 2631 1446 2709 procul
1472 2634 1852 2692 vibrantibus
1883 2634 2049 2691 Indis

465 2720 726 2774 inmanis
757 2716 1031 2774 medium
1062 2726 1341 2776 vectaret
1371 2718 1554 2775 belua
1588 2717 1831 2777 Porum.

535 2904 555 2934 ¹
595 2905 955 2954 Marcomeres
978 2905 1087 2955 and
1112 2905 1319 2965 Sunno,
1343 2906 1559 2956 brother
1580 2907 1747 2957 chiefs
1771 2907 1833 2957 of
1856 2908 1948 2958 the
1973 2908 2275 2972 Ripuarian

465 2969 695 3029 Franks,
731 2970 839 3020 had
872 2970 916 3033 (ἲ
935 2972 991 3020 in
1013 2974 1311 3022 connexion
1342 2972 1470 3022 with
1502 2972 1795 3022 Maximus’
1831 2974 1997 3024 revolt
2042 2975 2276 3026 invaded

467 3035 682 3085 Roman
710 3037 958 3099 territory
990 3052 1119 3086 near
1149 3037 1387 3101 Cologne
1410 3039 1466 3087 in
1488 3041 1588 3088 388
1620 3037 1729 3088 and
1759 3037 1897 3089 been
1919 3038 1987 3089 de
2012 3040 2169 3090 eated
2201 3042 2277 3105 by

465 3101 755 3165 Arbogast.
827 3100 1096 3152 Stilicho’s
1130 3102 1420 3153 successful
1450 3106 1740 3167 campaign
1771 3106 1989 3167 against
2022 3105 2192 3166 them,
2221 3106 2282 3157 of

463 3166 639 3217 which
663 3184 743 3217 we
765 3166 892 3217 read
917 3167 1057 3227 here,
1082 3169 1126 3218 is
1148 3173 1205 3219 to
1227 3168 1298 3219 be
1320 3167 1482 3220 dated
1505 3172 1606 3219 395
1629 3168 1675 3234 (?
1699 3169 1933 3234 March).

464 3252 579 3304 382
