2511 3938
1210 964 1461 1055 LIBER
1500 996 1532 1054 1

1312 1156 1464 1237 (ΠΙ)

556 1316 755 1395 Saepe
783 1315 933 1374 mihi
962 1314 1213 1375 dubiam
1241 1319 1436 1374 traxit
1463 1318 1775 1374 sententia
1802 1324 2076 1374 mentem

479 1420 766 1470 curarent
790 1413 995 1489 superi
1022 1419 1217 1469 terras
1246 1431 1327 1468 an
1352 1409 1551 1468 nullus
1578 1413 1810 1468 inesset

479 1513 681 1563 rector
708 1512 775 1562 et
798 1508 1036 1562 incerto
1062 1501 1328 1561 fluerent
1356 1501 1638 1560 mortalia
1665 1522 1830 1560 casu.

481 1616 625 1655 nam
651 1616 791 1655 cum
818 1597 1096 1673 dispositi
1124 1599 1499 1673 quaesissem
1524 1594 1777 1653 foedera
1804 1593 2016 1651 mundi

479 1695 1010 1768 praescriptosque
1036 1693 1190 1747 mari
1218 1689 1370 1746 fines
1399 1693 1695 1767 annisque
1723 1696 1964 1745 meatus

483 1797 549 1847 et
574 1787 722 1845 lucis
749 1790 1068 1865 noctisque
1096 1789 1259 1844 vices
1287 1806 1301 1845 ι
1350 1795 1497 1844 tunc
1524 1788 1729 1843 omnia
1755 1786 1934 1843 rebar

482 1880 728 1939 consilio
756 1880 998 1939 firmata
1024 1880 1147 1949 dei,
1174 1882 1281 1957 qui
1306 1879 1447 1957 lege
1474 1881 1705 1937 moveri

482 1975 704 2045 sidera,
731 1978 836 2052 qui
862 1972 1070 2052 fruges
1098 1974 1338 2032 diverso
1364 1982 1645 2051 tempore
1672 1974 1859 2041 nasci,

484 2072 588 2146 qui
615 2071 845 2126 variam
872 2066 1165 2125 Phoeben
1193 2065 1393 2124 alieno
1418 2069 1663 2123 iusserit
1686 2067 1816 2142 igni

483 2162 774 2240 compleri
799 2160 1128 2239 Solemque
1155 2181 1286 2229 su0,
1311 2163 1656 2237 porrexerit
1682 2159 1859 2216 undis

481 2256 683 2327 litora,
710 2256 997 2315 tellurem
1023 2255 1229 2313 medio
1254 2253 1569 2312 libraverit
1596 2273 1734 2310 axe.

483 2352 595 2410 sed
620 2371 760 2410 cum
785 2370 883 2408 res
909 2349 1226 2408 hominum
1251 2357 1431 2406 tanta
1457 2347 1715 2424 caligine
1743 2345 1899 2404 volvi

486 2446 865 2523 adspicerem
888 2443 1210 2521 laetosque
1238 2442 1345 2500 diu
1371 2440 1586 2499 florere
1613 2449 1907 2498 nocentes

484 2544 816 2619 vexarique
840 2543 995 2616 piOS,
1021 2558 1226 2596 rursus
1252 2536 1560 2595 labefacta
1584 2537 1850 2594 cadebat

483 2634 719 2712 relligio
745 2652 1090 2711 causaeque
1117 2635 1281 2689 viam
1306 2651 1431 2688 non
1457 2639 1677 2708 sponte
1705 2630 2008 2708 sequebar

484 2727 756 2797 alteriuS,
784 2747 976 2785 vacuo
1006 2745 1165 2803 quae
1194 2744 1436 2783 currere
1466 2726 1700 2781 semina
1727 2731 1901 2781 motu

485 2822 769 2882 adfirmat
795 2839 1212 2900 magnumque
1239 2839 1426 2877 novas
1451 2838 1563 2896 per
1587 2822 1771 2876 inane
1800 2817 2024 2896 figuras

485 2916 732 2974 fortuna
758 2934 882 2973 non
910 2923 1043 2972 arte
1070 2916 1224 2990 regi,
1253 2931 1413 2990 quae
1440 2914 1693 2968 numina
1719 2931 1901 2969 sensu

485 3009 774 3086 ambiguo
800 3006 899 3066 vel
924 3005 1091 3064 nulla
1114 3013 1301 3083 putat
1326 3004 1424 3062 vel
1450 3007 1654 3062 nescia
1680 3008 1891 3063 nostri.

1150 3175 1168 3206 ¹
1203 3174 1628 3239 Epicureanism.

485 3254 562 3314 26

2225 2166 2287 2215 10

2222 2637 2285 2685 15
