2511 3938
1144 363 1593 423 CLAUDIAN

471 523 755 600 ingeniiS‚
782 522 1135 602 Scythicum
1160 533 1380 602 pectus
1406 523 1767 583 flammabat
1793 532 2059 603 egestas,
2180 531 2279 580 180

473 618 615 679 huic
641 642 776 681 sese
803 622 978 682 vultu
1004 623 1329 682 simulatae
1356 626 1629 702 coniugis
1656 622 1836 682 offert

475 724 863 800 mentitoque
889 721 1064 781 ferox
1090 723 1325 781 incedit
1349 724 1611 782 barbara
1636 742 1872 801 gressu,

477 821 797 881 carbaseos
823 822 1042 881 induta
1068 825 1234 881 sinus
1263 842 1277 881 ε
1323 830 1467 900 post
1493 831 1672 901 terga
1698 822 1985 882 reductas

478 920 768 979 uberibus
793 924 1039 999 propior
1064 921 1392 980 mordebat
1417 919 1606 979 fibula
1631 929 1857 990 vestes,

476 1019 666 1098 inque
693 1020 905 1078 orbem
932 1022 1120 1079 tereti
1145 1023 1331 1078 mitra
1355 1022 1667 1078 retinente
1693 1017 1982 1097 capillum
2186 1026 2286 1075 185

480 1121 814 1178 strinxerat
843 1126 911 1176 et
937 1117 1159 1175 virides
1189 1117 1517 1177 flavescere
1545 1121 1808 1176 iusserat
1837 1135 2090 1196 angues,

482 1215 730 1276 advolat
757 1236 828 1274 ac
855 1219 1047 1274 niveis
1075 1216 1366 1275 reducem
1395 1215 1823 1294 complectitur
1851 1215 2007 1275 ulnis

479 1314 874 1393 infunditque
904 1316 1108 1373 animo
1136 1313 1354 1373 furiale
1383 1334 1496 1392 per
1523 1314 1729 1375 oscula
1756 1295 1941 1374 virus.

481 1417 756 1493 principe
785 1433 971 1492 quam
997 1412 1168 1492 largo
1195 1416 1425 1485 veniat,
1453 1433 1605 1494 quas
1630 1414 1776 1473 inde
1803 1422 2082 1493 reportet

484 1513 750 1583 divitiaS‚
778 1520 916 1570 astu
943 1512 1177 1571 rabiem
1204 1521 1450 1571 motura
1473 1516 1751 1592 requirit.
2191 1520 2291 1570 190

482 1611 586 1671 ille
611 1616 733 1671 iter
756 1615 1091 1692 ingratum,
1118 1632 1305 1670 vanos
1333 1610 1562 1670 deflere
1589 1612 1850 1682 laboreS,

486 1731 638 1790 quos
666 1730 850 1788 super
878 1709 1141 1769 eunuchi
1166 1708 1385 1780 fastuS‚
1414 1730 1573 1788 quae
1600 1712 1824 1789 probra
1850 1710 2112 1769 tulisset.

487 1814 778 1869 continuo
805 1817 977 1868 secat
1002 1828 1209 1887 ungue
1237 1829 1429 1888 genas
1458 1818 1524 1868 et
1550 1819 1830 1887 tempore
1856 1810 2076 1888 pandit

490 1909 750 1987 adrepto
776 1910 1043 1987 gemitus
1072 1927 1086 1965 ε

1218 2016 1255 2043 “
1280 2007 1309 2065 Ι
1337 2028 1519 2078 nunc,
1547 2008 1806 2067 devotus
1835 2011 2051 2067 aratris

491 2108 699 2167 scinde
727 2105 922 2166 solum
947 2109 1272 2184 positoque
1300 2115 1439 2165 tuos
1465 2127 1754 2165 mucrone
1782 2105 2018 2165 sodales
2197 2113 2298 2162 195

492 2206 573 2266 ad
597 2215 823 2265 rastros
851 2203 1071 2264 sudare
1097 2203 1272 2264 doce.
1350 2206 1510 2263 bene
1536 2225 1678 2263 rura
1705 2204 2108 2283 Gruthungus

496 2305 739 2364 excolet
766 2314 833 2364 et
858 2312 1029 2363 certo
1056 2304 1344 2382 disponet
1368 2304 1567 2362 sidere
1597 2307 1773 2363 vites·
1824 2334 1830 2341 ·

493 2404 704 2464 felices
732 2404 909 2474 aliae,
937 2422 1089 2482 quas
1116 2401 1428 2461 debellata
1453 2406 1688 2462 maritis

495 2505 743 2583 oppida,
770 2524 922 2582 quas
948 2506 1186 2582 magnis
1215 2506 1533 2581 quaesitae
1560 2504 1788 2561 viribus
1815 2511 2037 2562 ornant

498 2607 779 2673 exuviae,
806 2603 1025 2681 quibus
1053 2602 1321 2680 Argivae
1346 2600 1760 2679 pulchraeque
1787 2604 2138 2660 ministrant
2198 2608 2302 2658 200

497 2701 903 2770 ThessalideS‚
928 2698 1188 2758 famulas
1218 2707 1285 2757 et
1312 2718 1471 2777 quae
1498 2718 1778 2757 meruere
1809 2697 2141 2757 Lacaenas,

499 2820 600 2859 me
627 2803 883 2858 nimium
909 2798 1146 2868 timido,
1172 2801 1430 2856 nimium
1454 2801 1710 2856 iunxere
1736 2799 1989 2855 remisso

500 2899 632 2958 fata
658 2902 809 2968 vir0,
835 2906 1040 2956 totum
1067 2899 1172 2975 qui
1199 2896 1475 2976 degener
1502 2898 1676 2954 exuit
1702 2894 2005 2965 Histrum,

503 3002 608 3078 qui
634 2995 867 3075 refugit
891 2998 1131 3074 patriae
1157 2997 1335 3066 ritus,
1363 3013 1549 3073 quem
1575 2992 1820 3053 detinet
1846 2995 2029 3071 aequi

502 3096 697 3176 gloria
721 3112 1131 3172 concessoque
1157 3096 1331 3171 eupit
1356 3095 1578 3150 vixisse
1606 3090 1853 3149 colonus
2207 3098 2312 3149 205

503 3215 690 3276 quam
714 3195 995 3253 dominus
1017 3200 1217 3270 rapto.
1297 3191 1447 3269 quid
1468 3188 1722 3268 pulchra
1745 3186 2041 3247 vocabula
2061 3190 2253 3266 pigris

510 3335 622 3407 193
