2511 3938
1170 321 1619 382 CLAUDIAN

570 482 902 541 Crescebat
928 481 1229 542 scelerata
1255 486 1387 541 sitis
1412 483 1807 561 praedaeque
1833 487 2098 542 recentis
2198 492 2305 541 220

489 584 760 640 incestus
788 581 1092 661 flagrabat
1120 603 1311 653 amor,
1338 581 1662 660 nullusque
1688 583 1945 659 petendi

492 681 828 758 cogendive
854 681 1053 759 pudor
1080 701 1095 739 ι
1143 682 1370 739 crebris
1396 683 1665 757 periuria
1690 684 1887 739 nectit

490 778 803 838 blanditiis
830 797 845 848 ;
894 783 1087 839 sociat
1111 783 1388 857 perituro
1414 778 1666 838 foedere
1693 780 1966 838 dextras·

489 881 540 935 si
567 879 761 936 semel
788 899 822 936 e
850 882 1041 937 tantis
1067 883 1347 957 poscenti
1374 882 1634 957 quisque
1661 888 1972 957 negasset,

494 975 681 1035 effera
705 978 1097 1055 praetumido
1125 979 1452 1055 quatiebat
1478 978 1662 1036 corda
1687 976 1914 1036 furore.
2200 986 2305 1034 225

492 1094 652 1153 quae
680 1078 764 1134 sic
794 1075 1044 1134 Gaetuli
1068 1075 1267 1134 iaculo
1293 1096 1583 1153 percussa
1607 1075 1827 1135 leaena

492 1181 602 1232 aut
629 1174 920 1253 Hyrcana
943 1194 1231 1252 premens
1259 1184 1572 1252 raptorem
1597 1174 1783 1233 belua
1807 1183 2022 1253 partus

490 1281 601 1332 aut
627 1293 879 1351 serpens
905 1272 1141 1332 calcata
1166 1272 1319 1333 furit
1344 1276 1366 1331 ?
1446 1277 1649 1332 iurata
1675 1274 1931 1332 deorum

490 1376 780 1432 maiestas
808 1376 1031 1432 teritur
1057 1391 1072 1443 ;
1121 1393 1425 1451 nusquam
1451 1376 1800 1431 reverentia
1825 1392 2097 1431 mensae.

491 1491 615 1529 non
640 1474 926 1542 coniunx,
952 1491 1077 1530 non
1102 1475 1234 1550 ipse
1263 1470 1463 1541 simul,
1489 1491 1613 1530 non
1638 1475 1897 1550 pignora
1923 1491 2102 1530 caesa
2200 1479 2306 1529 230

491 1569 796 1628 sufficiunt
822 1569 976 1628 odiis
1001 1589 1018 1640 3
1066 1591 1191 1628 non
1218 1573 1554 1629 extinxisse
1579 1573 1975 1648 propinquOS,

493 1671 616 1727 non
643 1677 821 1728 notos
849 1672 1048 1747 egisse
1076 1678 1173 1727 sat
1201 1677 1298 1728 est
1324 1688 1339 1739 ;
1390 1669 1746 1727 exscindere
1773 1673 1937 1727 cives

493 1765 772 1838 funditus
801 1776 867 1825 et
893 1786 1119 1825 nomen
1145 1771 1350 1845 gentis
1378 1767 1586 1826 delere
1612 1767 1873 1826 laborat.

491 1885 606 1924 nec
632 1865 817 1923 celeri
841 1869 1092 1943 perimit
1116 1864 1245 1924 leto
1272 1884 1288 1936 ;
1335 1867 1682 1925 crudelibus
1710 1875 1858 1925 ante

492 1963 800 2044 suppliciis
826 1963 1050 2025 fruitur
1074 1984 1091 2036 3
1139 1968 1465 2036 cruciatuS,
1491 1965 1709 2036 vincla,
1736 1958 2050 2043 tenebras'
2200 1974 2307 2022 235

491 2064 684 2123 dilato
711 2084 1001 2123 mucrone
1027 2073 1228 2143 parat.
1308 2084 1420 2142 pro
1447 2067 1683 2123 saevior
1711 2084 1857 2124 ense

489 2163 782 2240 parcendi
808 2164 1007 2221 rabies
1035 2183 1445 2241 concessaque
1472 2167 1602 2222 vita
1629 2162 1820 2222 dolori
1848 2164 1860 2221 ἔ

490 2282 651 2321 mors
680 2263 918 2321 adeone
944 2282 1163 2341 parum
1192 2271 1289 2321 est
1315 2264 1337 2320 ?
1419 2266 1613 2321 causis
1639 2261 1955 2321 fallacibus
1981 2266 2196 2331 instat,

489 2365 695 2440 arguit
723 2364 1020 2420 attonitos
1048 2381 1114 2420 se
1140 2361 1364 2420 iudice.
1444 2370 1654 2419 cetera
1679 2364 1905 2439 segniS‚

491 2461 572 2519 ad
596 2460 832 2519 facinus
859 2460 1059 2531 velox,
1084 2464 1335 2538 penitus
1361 2463 1614 2539 regione
1641 2469 1911 2518 remotas
2198 2470 2305 2519 240

487 2562 752 2637 impiger
776 2562 867 2616 ire
894 2561 1022 2617 vias
1051 2578 1065 2616 z
1113 2579 1238 2617 non
1263 2558 1437 2617 illum
1464 2558 1651 2617 Sirius
1680 2558 1900 2616 ardens

489 2659 784 2717 brumave
814 2657 1090 2734 Riphaeo
1118 2658 1384 2716 stridens
1412 2657 1719 2734 Aquilone
1746 2657 2046 2716 retardat.

491 2757 678 2816 effera
704 2757 1083 2834 torquebant
1110 2757 1327 2815 avidae
1353 2755 1713 2834 praecordia
1739 2776 1944 2825 curae,

490 2855 794 2934 effugeret
820 2874 901 2913 ne
929 2858 1064 2932 quis
1091 2855 1328 2933 gladios
1355 2874 1479 2912 neu
1505 2857 1799 2932 perderet
1826 2853 2017 2912 ullum

488 2957 774 3032 Augusto
802 2956 1135 3012 miserante
1163 2951 1360 3011 nefas.
1441 2973 1563 3011 non
1590 2952 1862 3011 flectitur
1889 2956 2084 3021 anniS,
2198 2961 2299 3008 245

491 3074 615 3112 non
642 3061 852 3111 aetate
879 3050 1051 3110 labat
1079 3072 1093 3110 :
1139 3055 1434 3110 iuvenum
1460 3056 1732 3111 rorantia
1758 3051 1913 3110 colla

493 3161 640 3211 ante
667 3161 915 3231 patrum
942 3150 1146 3209 vultus
1175 3154 1391 3209 stricta
1417 3151 1694 3209 cecidere
1722 3153 1919 3208 securi
1946 3168 1961 3218 ;

495 3254 571 3304 42
