2511 3938
1068 745 1751 804 EPITHALAMIUM

752 842 868 900 DE
910 840 1246 900 NUPTIIS
1288 840 1651 900 HONORII
1694 839 2068 900 AUGUSTI

1197 999 1625 1052 PRAEFATM)

1327 1146 1491 1226 (lx.)

504 1304 798 1383 Surgeret
824 1308 887 1363 in
916 1305 1259 1363 thalamum
1288 1305 1473 1363 ducto
1501 1325 1641 1363 cum
1671 1305 1882 1364 Pelion
1912 1327 2054 1364 arcu

580 1406 694 1445 nec
719 1396 971 1464 caperet
996 1395 1204 1445 tantos
1229 1386 1476 1464 hospita
1501 1395 1667 1445 terra
1693 1386 1861 1457 deoS,

502 1488 642 1526 cum
671 1488 842 1528 socer
871 1488 1209 1546 aequoreus
1239 1487 1688 1546 numerosaque
1718 1470 1901 1527 turba
1930 1489 2201 1527 sororum

577 1559 888 1609 certarent
918 1550 1112 1628 epulis
1140 1554 1499 1608 continuare
1529 1551 1659 1608 dies

500 1633 953 1710 praeberetque
985 1633 1115 1691 Iovi
1142 1636 1489 1690 communia
1515 1632 1735 1709 pocula
1764 1632 2009 1702 Chiron,
2281 1644 2315 1690 5

576 1713 842 1773 molliter
868 1714 1115 1792 obliqua
1139 1722 1319 1791 parte
1346 1712 1585 1772 refusus
1614 1718 1777 1792 equi,

504 1794 744 1854 Peneus
772 1796 1006 1873 gelidos
1034 1804 1310 1854 mutaret
1337 1804 1587 1854 nectare
1615 1794 1841 1865 fonteS,

580 1877 833 1935 Oetaeis
860 1876 1125 1935 fluerent
1151 1896 1408 1954 spumea
1433 1881 1575 1935 vina
1599 1881 1757 1956 iugis
1787 1897 1800 1935 t

500 1958 897 2037 Terpsichore
927 1957 1170 2017 facilem
1198 1959 1421 2018 lascivo
1449 1959 1668 2037 pollice
1698 1963 1890 2017 movit

576 2041 863 2101 barbiton
892 2050 958 2099 et
986 2041 1198 2100 molles
1228 2042 1407 2100 duxit
1434 2045 1498 2099 in
1528 2050 1706 2099 antra
1732 2041 1966 2100 choros,
2245 2051 2310 2101 10

502 2127 771 2182 carmina
799 2143 912 2181 nec
943 2127 1177 2200 superis
1205 2143 1322 2182 nec
1352 2123 1713 2200 displicuere
1742 2124 2029 2193 Tonanti,

578 2225 718 2263 cum
744 2209 973 2264 teneris
1000 2213 1252 2264 nossent
1279 2225 1549 2283 congrua
1574 2214 1720 2263 vota
1744 2205 1962 2263 modiS.

502 2286 795 2345 Centauri
829 2288 1146 2364 Faunique
1181 2295 1436 2364 negant.
1517 2306 1677 2364 quae
1711 2285 1962 2344 flectere
1999 2286 2304 2357 Rhoeton‚

577 2388 737 2446 quae
765 2369 1031 2447 rigidum
1059 2377 1352 2446 poterant
1378 2367 1616 2446 plectra
1645 2388 1891 2426 movere
1924 2367 2181 2426 Pholum
2209 2370 2231 2427 ἓ

499 2608 776 2686 Septima
802 2607 907 2665 lux
937 2608 1153 2666 aderat
1180 2607 1350 2666 caelo
1379 2611 1733 2685 totiensque
1760 2616 1977 2666 renato
2243 2618 2305 2665 15

573 2689 813 2748 viderat
843 2698 1092 2748 exactos
1123 2689 1437 2766 Hesperus
1464 2693 1609 2766 igne
1638 2688 1850 2747 choros
1879 2710 1892 2747 ε

498 2778 634 2829 tum
662 2770 965 2840 PhoebuS,
994 2791 1115 2848 quo
1142 2791 1292 2829 saxa
1319 2770 1552 2839 domat,
1579 2790 1701 2848 quo
1726 2770 2031 2848 pertrahit
2058 2791 2258 2840 ornOS,

574 2856 821 2930 pectine
850 2856 1185 2930 temptavit
1210 2851 1506 2910 nobiliore
1534 2851 1731 2930 lyram

499 2942 948 3011 venturumque
977 2938 1159 2991 sacris
1188 2933 1408 2991 fidibus
1436 2936 1561 2990 iam
1589 2933 1853 3010 spondet
1881 2932 2204 3003 Achillem,

574 3019 697 3073 iam
721 3014 1016 3094 Phrygias
1037 3015 1282 3084 caedes,
1302 3018 1426 3072 iam
1448 3014 1768 3073 Simoenta
1788 3019 1973 3073 canit.
2237 3025 2305 3073 20

497 3096 782 3156 frondoso
814 3100 1078 3175 strepuit
1108 3095 1257 3154 felix
1291 3096 1690 3175 Hymenaeus
1723 3095 1989 3175 Olympo
2017 3115 2031 3165 ;

574 3184 850 3258 reginam
875 3187 1166 3237 resonant
1193 3177 1426 3257 Othrys
1455 3186 1522 3236 et
1548 3177 1704 3237 Ossa
1729 3178 1997 3236 Thetim.

502 3282 618 3332 240
