2511 3938
1185 277 1634 337 CLAUDIAN

505 435 723 495 lambit
749 441 946 495 amica
969 436 1162 515 pedes
1188 436 1476 514 ridetque
1504 436 1792 515 Aegaeus
1820 436 2082 496 alumnis
2212 445 2313 494 190

505 524 697 585 lenior
724 535 790 584 et
815 526 1042 586 blando
1069 534 1339 585 testatur
1364 527 1593 605 gaudia
1617 524 1831 585 fluctu.
2239 534 2244 539 ⁴

581 614 679 674 Sic
706 615 905 674 Proba
929 619 1261 694 praecipuo
1287 625 1465 674 natos
1494 624 1754 674 exornat
1780 619 2009 674 amictu
2036 636 2052 675 z

505 724 665 782 quae
693 705 944 764 decorat
970 705 1291 775 mundum,
1318 708 1487 763 cuius
1515 704 1793 763 Romana
1816 714 2095 783 potestas

502 793 733 853 fetibus
761 804 1046 873 augetur.
1125 794 1337 853 credas
1366 814 1444 853 ex
1472 794 1725 853 aethere
1752 794 1988 873 lapsam

501 892 666 942 stare
696 884 1063 943 Pudicitiam
1089 883 1187 943 vel
1213 904 1383 943 sacro
1410 892 1549 943 ture
1576 892 1859 942 vocatam
2211 894 2312 944 195

504 973 806 1033 Iunonem
835 973 1096 1032 Inachiis
1123 973 1329 1032 oculos
1356 973 1678 1032 advertere
1706 973 1973 1052 templis.

502 1062 695 1121 talem
721 1063 888 1121 nulla
913 1061 1106 1121 refert
1134 1066 1404 1141 antiquis
1429 1066 1658 1140 pagina
1684 1063 1850 1121 libris

503 1172 618 1211 nec
647 1151 866 1211 Latiae
892 1156 1171 1211 cecinere
1198 1152 1390 1210 tubae
1416 1171 1531 1210 nec
1560 1151 1796 1210 Graeca
1822 1160 2117 1211 vetustas

503 1245 762 1320 coniuge
790 1242 978 1319 digna
1006 1241 1205 1300 Probo
1230 1260 1247 1311 ;
1295 1261 1440 1299 nam
1466 1249 1713 1300 tantum
1738 1243 2015 1300 coetibus
2044 1251 2223 1301 extat

502 1329 806 1401 femineiS‚
833 1339 1137 1408 quantum
1163 1333 1583 1409 supereminet
1606 1330 1709 1389 ille
1735 1334 2010 1390 maritos,
2204 1341 2313 1391 200

501 1440 616 1478 ceu
643 1422 758 1478 sibi
783 1429 1118 1490 certanteS,
1144 1440 1327 1478 sexus
1355 1420 1505 1497 quid
1528 1423 1723 1497 possit
1749 1428 2035 1498 uterque,

502 1509 664 1568 hunc
690 1509 899 1588 legere
926 1517 1151 1568 torum.
1229 1516 1439 1567 taceat
1468 1508 1735 1567 Nereida
1761 1517 2022 1586 nuptam

506 1597 737 1657 Pelion.
817 1619 855 1656 o
881 1597 1107 1675 duplici
1132 1596 1465 1656 fecundam
1490 1597 1737 1655 consule
1765 1606 2031 1656 matrem

502 1686 869 1766 felicemque
896 1696 1165 1756 uterum,
1193 1690 1300 1764 qui
1326 1690 1575 1745 nomina
1599 1690 1866 1764 parturit
1892 1691 2065 1746 annis
2092 1689 2106 1746 l

579 1776 671 1836 Ut
696 1785 1008 1854 sceptrum
1033 1796 1282 1855 gessere
1309 1796 1496 1834 manu
1523 1776 1936 1853 membrisque
1961 1781 2236 1856 rigentes

503 1876 795 1945 aptavere
822 1875 1023 1945 togaS‚
1050 1870 1295 1944 signum
1322 1866 1433 1925 dat
1458 1886 1730 1924 summus
1757 1866 1959 1925 hiulca
2204 1877 2310 1927 206

501 1958 665 2015 nube
696 1956 882 2016 Pater
907 1965 1276 2035 gratamque
1303 1955 1504 2015 facem
1530 1976 1643 2034 per
1667 1959 1851 2016 inane
1878 1965 2157 2016 rotantes

499 2066 792 2125 prospera
816 2047 1040 2105 vibrati
1067 2055 1407 2105 tonuerunt
1432 2050 1637 2104 omina
1663 2046 1876 2105 nimbi.

499 2140 738 2213 accepit
763 2140 997 2195 sonitus
1024 2139 1221 2194 curvis
1246 2136 1569 2194 Tiberinus
1594 2139 1659 2193 in
1686 2139 1877 2202 antris

497 2230 622 2284 ima
647 2225 805 2284 valle
832 2226 1074 2284 sedenS.
1155 2224 1420 2283 adrectis
1448 2226 1694 2282 auribus
1722 2223 1943 2295 haesit,
2203 2236 2304 2285 210

501 2315 665 2374 unde
691 2318 1050 2393 repentinus
1076 2313 1289 2392 populi
1313 2312 1541 2392 fragor.
1620 2313 1789 2372 ilicet
1814 2314 2018 2373 herbis

497 2404 801 2482 pallentes
828 2403 1130 2462 thalamos
1159 2412 1227 2462 et
1252 2412 1488 2461 structa
1514 2402 1737 2462 cubilia
1763 2423 1972 2462 musco

499 2493 730 2552 deserit
758 2513 827 2552 ac
856 2492 1157 2571 Nymphis
1185 2512 1403 2550 urnam
1429 2493 1825 2552 commendat
1851 2494 2083 2553 erilem.

495 2582 581 2640 illi
607 2581 825 2660 glauca
852 2586 1058 2640 nitent
1083 2581 1319 2640 hirsuto
1345 2581 1578 2640 lumina
1603 2581 1778 2640 vultu

496 2671 790 2731 caeruleis
816 2669 1048 2730 infecta
1074 2675 1259 2741 notiS,
1285 2671 1611 2731 reddentia
1636 2680 1883 2749 patrem
2200 2683 2302 2732 215

495 2762 815 2821 Oceanum
841 2779 857 2830 ;
905 2763 1101 2838 crispo
1128 2760 1468 2819 densantur
1492 2765 1770 2839 gramine
1798 2761 1953 2820 colla
1976 2781 1993 2831 3

494 2854 724 2910 vertice
751 2850 1022 2907 luxuriat
1047 2858 1183 2908 toto
1209 2850 1450 2908 crinalis
1478 2850 1777 2920 harundo,

563 2984 584 3014 ¹
619 2984 813 3034 Anicia
845 2983 1090 3033 Faltonia
1122 2983 1316 3033 Proba.
1389 2983 1498 3035 She
1529 3000 1638 3034 was
1669 2984 1775 3034 still
1804 2985 1942 3035 alive
1972 2988 2028 3036 in
2058 2990 2161 3037 410
2190 2987 2303 3039 and

491 3048 782 3113 according
835 3053 893 3098 to
950 3048 1241 3112 Procopius
1297 3049 1460 3114 (Bell.
1512 3050 1695 3101 Vand.
1750 3052 1784 3100 i.
1835 3050 1890 3114 2)
1946 3051 2154 3116 opened
2209 3053 2305 3105 the

492 3119 646 3180 gates
668 3113 729 3164 of
750 3114 921 3164 Rome
943 3118 1001 3164 to
1024 3112 1229 3164 Alaric.

502 3192 575 3251 16
