2511 3938
1157 335 1607 396 CLAUDIAN

482 498 696 553 mersit
725 503 790 553 et
818 499 1152 554 attonitum
1181 500 1453 554 tranavit
1481 496 1712 554 Cloelia
1737 497 2032 575 Thybrim
2059 496 2082 553 ?

482 590 784 668 Eutropio
811 589 1007 648 fasces
1022 590 1523 649 *adservabantur
1551 591 1828 669 adempti

482 683 827 761 Tarquiniis
855 685 877 741 ?
946 703 1399 762 quemcumque
1427 705 1605 743 meae
1633 704 1859 742 vexere
1887 684 2148 754 curuleS‚

479 777 691 836 laxato
718 782 928 836 veniat
955 782 1186 836 socium
1213 788 1529 837 aversatus
1558 780 1824 837 Averno.
2192 787 2298 835 450

481 876 744 950 impensi
772 876 955 931 sacris
986 873 1163 932 Decii
1188 878 1572 952 prorumpite
1598 875 1795 933 bustis

481 968 904 1046 Torquatique
932 976 1136 1026 truces
1165 972 1560 1046 animosaque
1587 971 1873 1047 pauperis
1901 968 2120 1025 umbra

485 1062 746 1119 Fabricii
773 1071 970 1140 tuque
998 1083 1057 1132 0,
1087 1066 1136 1120 si
1163 1061 1326 1120 forte
1353 1061 1595 1121 inferna
1619 1067 1859 1140 piorum

479 1159 697 1233 iugera
725 1165 790 1215 et
818 1154 1058 1234 Elysias
1086 1157 1332 1226 scindiS,
1361 1156 1642 1226 Serrane,
1670 1155 1940 1215 novales,

483 1248 692 1308 Poeno
720 1249 1063 1328 Scipiadae,
1092 1249 1301 1309 Poeno
1327 1251 1640 1329 praeclare
1671 1250 1907 1320 Lutati,
2193 1259 2298 1306 455

482 1343 723 1403 Sicania
753 1344 1048 1403 Marcelle
1075 1344 1274 1415 ferox,
1301 1365 1454 1423 gens
1483 1344 1740 1404 Claudia
1766 1365 1978 1424 surgas
2002 1344 2024 1381 ¹

484 1448 551 1497 et
580 1439 741 1497 Curii
772 1448 1016 1498 veteres
1041 1458 1055 1509 ;
1100 1448 1186 1510 et,
1215 1442 1321 1517 qui
1349 1440 1462 1497 sub
1489 1443 1621 1498 iure
1649 1444 1892 1518 negasti

485 1536 690 1592 vivere
720 1533 1044 1603 Caesareo,
1070 1554 1260 1611 parvo
1286 1534 1552 1611 procede
1582 1532 1859 1612 sepulcro

485 1628 854 1706 Eutropium
880 1648 1133 1706 passure
1163 1628 1320 1686 Cato
1347 1647 1363 1698 ;
1412 1637 1690 1686 remeate
1719 1629 2013 1698 tenebriS,

485 1726 733 1800 agmina
759 1722 1091 1781 Brutorum
1120 1721 1644 1801 Corvinorumque
1672 1732 1978 1782 catervae.
2196 1730 2302 1780 460

486 1815 750 1874 eunuchi
777 1825 1013 1874 vestros
1041 1817 1312 1886 habitus,
1338 1820 1603 1895 insignia
1630 1826 1881 1876 sumunt

484 1911 758 1990 ambigui
787 1910 1065 1969 Romana
1091 1930 1293 1968 mares
1320 1930 1336 1981 3
1384 1931 1647 1990 rapuere
1677 1912 2030 1972 tremendas

485 2006 819 2064 Hannibali
847 2005 1205 2085 Pyrrhoque
1234 2014 1414 2085 togas
1442 2025 1457 2075 ;
1506 2005 1751 2064 flabella
1776 2009 1977 2084 perosi

486 2101 803 2179 adspirant
830 2101 1061 2159 trabeis
1089 2120 1104 2170 ;
1151 2104 1277 2157 iam
1303 2121 1426 2158 non
1453 2100 1810 2158 umbracula
1835 2109 2087 2178 gestant

483 2195 839 2273 virginibuS,
870 2194 1081 2253 Latias
1110 2198 1241 2252 ausi
1269 2194 1508 2252 vibrare
1536 2213 1776 2252 secures
1804 2195 1817 2252 l
2198 2202 2303 2250 465

566 2298 601 2325 ‘⁶
632 2288 924 2366 Linquite
951 2286 1252 2347 femineas
1280 2286 1493 2345 infelix
1521 2287 1705 2345 turba
1729 2287 2018 2356 latebras,

484 2383 644 2442 alter
670 2403 822 2461 quos
848 2382 1090 2460 pepulit
1117 2402 1300 2440 sexus
1328 2401 1443 2439 nec
1470 2385 1723 2458 suscipit
1751 2380 1928 2451 alter,

487 2482 692 2536 execti
719 2478 975 2535 Veneris
1003 2477 1282 2535 stimulos
1312 2485 1377 2535 et
1404 2476 1656 2534 vulnere
1684 2480 1837 2534 casti

485 2573 708 2651 (mixta
736 2569 966 2648 duplex
995 2579 1168 2628 aetas
1196 2589 1211 2639 ;
1260 2573 1424 2627 inter
1449 2588 1835 2648 puerumque
1864 2588 2199 2646 senemque

486 2666 571 2723 nil
597 2664 894 2742 medium)
925 2684 938 2721 ε
987 2663 1123 2722 falsi
1151 2663 1460 2741 complete
1489 2663 1704 2721 sedilia
1730 2672 1974 2740 patres;
2201 2673 2308 2722 470

485 2764 574 2818 ite
603 2763 744 2818 novi
770 2778 1054 2837 proceres
1080 2757 1537 2835 infecundoque
1565 2766 1786 2815 senatu

485 2857 855 2932 Eutropium
882 2856 1113 2930 stipate
1139 2853 1364 2911 ducem
1391 2871 1405 2921 ;
1455 2850 1767 2910 celebrate
1795 2849 2063 2908 tribunal

484 2970 596 3028 pro
624 2948 932 3017 thalamiS‚
961 2968 1134 3005 verso
1161 2952 1286 3005 iam
1313 2946 1530 3005 discite
1556 2966 1726 3004 more
1753 2945 2012 3014 curuleS,

486 3063 610 3102 non
637 3050 907 3100 matrum
932 3040 1170 3118 pilenta
1197 3043 1392 3118 sequi.

1112 3185 1134 3215 ²
1171 3200 1287 3235 uss,
1315 3184 1444 3234 have
1468 3187 1657 3248 surgat

500 3276 522 3323 1
536 3271 567 3328 7
576 3274 611 3323 2
