<?xml version="1.0" encoding="UTF-8"?>
<!DOCTYPE html PUBLIC "-//W3C//DTD XHTML 1.0 Transitional//EN"
    "http://www.w3.org/TR/xhtml1/DTD/xhtml1-transitional.dtd">
<html xmlns="http://www.w3.org/1999/xhtml" xml:lang="en" lang="en">
 <head>
  <title>
</title>
<meta http-equiv="Content-Type" content="text/html;charset=utf-8" />
  <meta name='ocr-system' content='tesseract 3.04.00' />
  <meta name='ocr-capabilities' content='ocr_page ocr_carea ocr_par ocr_line ocrx_word'/>
</head>
<body>
  <div class='ocr_page' id='page_1' title='image "./claudianvolume00claugoog_0280.png"; bbox 0 0 2511 3938; ppageno 0'>
   <div class='ocr_carea' id='block_1_1' title="bbox 1137 343 1584 403">
    <p class='ocr_par' dir='ltr' id='par_1_1' title="bbox 1137 343 1584 403">
     <span class='ocr_line' id='line_1_1' title="bbox 1137 343 1584 403; baseline -0.002 -1"><span class='ocrx_word' id='word_1_1' title='bbox 1137 343 1584 403; x_wconf 91' lang='lat' dir='ltr'>CLAUDIAN</span> 
     </span>
    </p>
   </div>
   <div class='ocr_carea' id='block_1_2' title="bbox 449 503 2267 3112">
    <p class='ocr_par' dir='ltr' id='par_1_2' title="bbox 457 503 1777 583">
     <span class='ocr_line' id='line_1_2' title="bbox 457 503 1777 583; baseline 0 -21"><span class='ocrx_word' id='word_1_2' title='bbox 457 505 625 564; x_wconf 89' lang='lat' dir='ltr'>unde</span> <span class='ocrx_word' id='word_1_3' title='bbox 653 505 1023 582; x_wconf 82' lang='lat' dir='ltr'>Cupidineas</span> <span class='ocrx_word' id='word_1_4' title='bbox 1053 508 1275 563; x_wconf 90' lang='lat' dir='ltr'>armari</span> <span class='ocrx_word' id='word_1_5' title='bbox 1302 503 1470 562; x_wconf 85' lang='lat' dir='ltr'><strong>fama</strong></span> <span class='ocrx_word' id='word_1_6' title='bbox 1497 508 1777 583; x_wconf 81' lang='lat' dir='ltr'>sagittaS.</span> 
     </span>
    </p>

    <p class='ocr_par' dir='ltr' id='par_1_3' title="bbox 456 585 1910 665">
     <span class='ocr_line' id='line_1_3' title="bbox 456 585 1910 665; baseline 0 -21"><span class='ocrx_word' id='word_1_7' title='bbox 456 586 620 644; x_wconf 92' lang='lat' dir='ltr'>mille</span> <span class='ocrx_word' id='word_1_8' title='bbox 648 587 992 665; x_wconf 80' lang='lat' dir='ltr'>pharetrati</span> <span class='ocrx_word' id='word_1_9' title='bbox 1020 585 1242 645; x_wconf 92' lang='lat' dir='ltr'>ludunt</span> <span class='ocrx_word' id='word_1_10' title='bbox 1269 590 1333 643; x_wconf 94' lang='lat' dir='ltr'>in</span> <span class='ocrx_word' id='word_1_11' title='bbox 1362 589 1638 665; x_wconf 82' lang='lat' dir='ltr'><strong>margine</strong></span> <span class='ocrx_word' id='word_1_12' title='bbox 1666 585 1910 656; x_wconf 84' lang='lat' dir='ltr'>fratreS,</span> 
     </span>
    </p>

    <p class='ocr_par' dir='ltr' id='par_1_4' title="bbox 456 667 2003 746">
     <span class='ocr_line' id='line_1_4' title="bbox 456 667 2003 746; baseline -0.001 -20"><span class='ocrx_word' id='word_1_13' title='bbox 456 689 561 726; x_wconf 92' lang='lat' dir='ltr'>ore</span> <span class='ocrx_word' id='word_1_14' title='bbox 590 688 791 746; x_wconf 89' lang='lat' dir='ltr'>pares,</span> <span class='ocrx_word' id='word_1_15' title='bbox 821 688 973 727; x_wconf 89' lang='lat' dir='ltr'>aevo</span> <span class='ocrx_word' id='word_1_16' title='bbox 1003 667 1249 738; x_wconf 90' lang='lat' dir='ltr'>similes,</span> <span class='ocrx_word' id='word_1_17' title='bbox 1279 688 1432 746; x_wconf 90' lang='lat' dir='ltr'>gens</span> <span class='ocrx_word' id='word_1_18' title='bbox 1461 668 1656 725; x_wconf 89' lang='lat' dir='ltr'>mollis</span> <span class='ocrx_word' id='word_1_19' title='bbox 1686 669 2003 726; x_wconf 88' lang='lat' dir='ltr'>Amorum.</span> 
     </span>
    </p>

    <p class='ocr_par' dir='ltr' id='par_1_5' title="bbox 455 746 2106 829">
     <span class='ocr_line' id='line_1_5' title="bbox 455 746 2106 829; baseline -0.002 -21"><span class='ocrx_word' id='word_1_20' title='bbox 455 749 564 808; x_wconf 90' lang='lat' dir='ltr'>hos</span> <span class='ocrx_word' id='word_1_21' title='bbox 598 750 923 829; x_wconf 84' lang='lat' dir='ltr'><strong>Nymphae</strong></span> <span class='ocrx_word' id='word_1_22' title='bbox 953 753 1223 827; x_wconf 84' lang='lat' dir='ltr'>pariunt,</span> <span class='ocrx_word' id='word_1_23' title='bbox 1252 750 1425 807; x_wconf 91' lang='lat' dir='ltr'>illum</span> <span class='ocrx_word' id='word_1_24' title='bbox 1455 746 1662 807; x_wconf 84' lang='lat' dir='ltr'>Venus</span> <span class='ocrx_word' id='word_1_25' title='bbox 1695 769 1882 807; x_wconf 90' lang='lat' dir='ltr'><strong>aurea</strong></span> <span class='ocrx_word' id='word_1_26' title='bbox 1911 749 2106 807; x_wconf 90' lang='lat' dir='ltr'>solum</span> 
     </span>
    </p>

    <p class='ocr_par' dir='ltr' id='par_1_6' title="bbox 457 830 2262 909">
     <span class='ocr_line' id='line_1_6' title="bbox 457 830 2262 909; baseline -0.002 -21"><span class='ocrx_word' id='word_1_27' title='bbox 457 832 671 890; x_wconf 85' lang='lat' dir='ltr'>edidit.</span> <span class='ocrx_word' id='word_1_28' title='bbox 750 830 851 890; x_wconf 93' lang='lat' dir='ltr'>ille</span> <span class='ocrx_word' id='word_1_29' title='bbox 875 832 1022 890; x_wconf 91' lang='lat' dir='ltr'>deos</span> <span class='ocrx_word' id='word_1_30' title='bbox 1044 830 1407 909; x_wconf 92' lang='lat' dir='ltr'>caelumque</span> <span class='ocrx_word' id='word_1_31' title='bbox 1432 840 1499 890; x_wconf 88' lang='lat' dir='ltr'>et</span> <span class='ocrx_word' id='word_1_32' title='bbox 1520 832 1721 890; x_wconf 88' lang='lat' dir='ltr'>sidera</span> <span class='ocrx_word' id='word_1_33' title='bbox 1742 851 1929 890; x_wconf 89' lang='lat' dir='ltr'>cornu</span> <span class='ocrx_word' id='word_1_34' title='bbox 2194 837 2223 885; x_wconf 86' lang='lat'><strong>7</strong></span> <span class='ocrx_word' id='word_1_35' title='bbox 2230 839 2262 885; x_wconf 88' lang='lat'><em>5</em></span> 
     </span>
    </p>

    <p class='ocr_par' dir='ltr' id='par_1_7' title="bbox 455 913 1938 991">
     <span class='ocr_line' id='line_1_7' title="bbox 455 913 1938 991; baseline 0 -21"><span class='ocrx_word' id='word_1_36' title='bbox 455 919 768 990; x_wconf 83' lang='lat' dir='ltr'><strong>temperat</strong></span> <span class='ocrx_word' id='word_1_37' title='bbox 794 922 862 972; x_wconf 91' lang='lat' dir='ltr'>et</span> <span class='ocrx_word' id='word_1_38' title='bbox 887 933 1154 971; x_wconf 90' lang='lat' dir='ltr'>summos</span> <span class='ocrx_word' id='word_1_39' title='bbox 1182 913 1474 991; x_wconf 82' lang='lat' dir='ltr'>dignatur</span> <span class='ocrx_word' id='word_1_40' title='bbox 1500 913 1690 991; x_wconf 88' lang='lat' dir='ltr'><strong>figere</strong></span> <span class='ocrx_word' id='word_1_41' title='bbox 1716 932 1895 991; x_wconf 90' lang='lat' dir='ltr'>reges</span> <span class='ocrx_word' id='word_1_42' title='bbox 1922 931 1938 981; x_wconf 84' lang='lat'><em>3</em></span> 
     </span>
    </p>

    <p class='ocr_par' dir='ltr' id='par_1_8' title="bbox 452 993 2085 1073">
     <span class='ocr_line' id='line_1_8' title="bbox 452 993 2085 1073; baseline 0 -22"><span class='ocrx_word' id='word_1_43' title='bbox 452 993 517 1051; x_wconf 91' lang='lat' dir='ltr'>hi</span> <span class='ocrx_word' id='word_1_44' title='bbox 544 994 794 1073; x_wconf 89' lang='lat' dir='ltr'><strong>plebem</strong></span> <span class='ocrx_word' id='word_1_45' title='bbox 821 993 1073 1053; x_wconf 87' lang='lat' dir='ltr'>feriunt.</span> <span class='ocrx_word' id='word_1_46' title='bbox 1154 1015 1268 1053; x_wconf 88' lang='lat' dir='ltr'>nee</span> <span class='ocrx_word' id='word_1_47' title='bbox 1299 1003 1509 1053; x_wconf 90' lang='lat' dir='ltr'>cetera</span> <span class='ocrx_word' id='word_1_48' title='bbox 1537 999 1790 1053; x_wconf 88' lang='lat' dir='ltr'>numina</span> <span class='ocrx_word' id='word_1_49' title='bbox 1820 995 2045 1053; x_wconf 89' lang='lat' dir='ltr'>desunt</span> <span class='ocrx_word' id='word_1_50' title='bbox 2072 1013 2085 1051; x_wconf 73' lang='grc' dir='ltr'>ε</span> 
     </span>
    </p>

    <p class='ocr_par' dir='ltr' id='par_1_9' title="bbox 452 1076 1874 1135">
     <span class='ocr_line' id='line_1_9' title="bbox 452 1076 1874 1135; baseline 0.001 -2"><span class='ocrx_word' id='word_1_51' title='bbox 452 1076 550 1135; x_wconf 84' lang='lat' dir='ltr'>hic</span> <span class='ocrx_word' id='word_1_52' title='bbox 578 1076 823 1135; x_wconf 90' lang='lat' dir='ltr'>habitat</span> <span class='ocrx_word' id='word_1_53' title='bbox 850 1076 1015 1135; x_wconf 94' lang='lat' dir='ltr'>nullo</span> <span class='ocrx_word' id='word_1_54' title='bbox 1044 1080 1375 1135; x_wconf 91' lang='lat' dir='ltr'>constricta</span> <span class='ocrx_word' id='word_1_55' title='bbox 1406 1076 1686 1135; x_wconf 84' lang='lat' dir='ltr'>Licentia</span> <span class='ocrx_word' id='word_1_56' title='bbox 1713 1077 1874 1135; x_wconf 90' lang='lat' dir='ltr'>nodo</span> 
     </span>
    </p>

    <p class='ocr_par' dir='ltr' id='par_1_10' title="bbox 454 1156 1756 1235">
     <span class='ocr_line' id='line_1_10' title="bbox 454 1156 1756 1235; baseline 0 -19"><span class='ocrx_word' id='word_1_57' title='bbox 454 1166 525 1219; x_wconf 81' lang='lat' dir='ltr'>et.</span> <span class='ocrx_word' id='word_1_58' title='bbox 545 1156 712 1216; x_wconf 91' lang='lat' dir='ltr'>flecti</span> <span class='ocrx_word' id='word_1_59' title='bbox 738 1156 946 1216; x_wconf 84' lang='lat' dir='ltr'>faciles</span> <span class='ocrx_word' id='word_1_60' title='bbox 977 1157 1112 1215; x_wconf 88' lang='lat' dir='ltr'>Irae</span> <span class='ocrx_word' id='word_1_61' title='bbox 1140 1162 1404 1235; x_wconf 92' lang='lat' dir='ltr'>vinoque</span> <span class='ocrx_word' id='word_1_62' title='bbox 1433 1158 1756 1216; x_wconf 89' lang='lat' dir='ltr'>madentes</span> 
     </span>
    </p>

    <p class='ocr_par' dir='ltr' id='par_1_11' title="bbox 451 1234 2261 1319">
     <span class='ocr_line' id='line_1_11' title="bbox 451 1234 2261 1319; baseline -0.002 -22"><span class='ocrx_word' id='word_1_63' title='bbox 451 1234 766 1298; x_wconf 69' lang='lat' dir='ltr'>E‘xcubiae</span> <span class='ocrx_word' id='word_1_64' title='bbox 798 1239 1238 1317; x_wconf 84' lang='lat' dir='ltr'><strong>Lacrimaeque</strong></span> <span class='ocrx_word' id='word_1_65' title='bbox 1268 1239 1450 1297; x_wconf 91' lang='lat' dir='ltr'>rudes</span> <span class='ocrx_word' id='word_1_66' title='bbox 1481 1249 1546 1298; x_wconf 93' lang='lat' dir='ltr'>et</span> <span class='ocrx_word' id='word_1_67' title='bbox 1573 1248 1786 1319; x_wconf 88' lang='lat' dir='ltr'>gratus</span> <span class='ocrx_word' id='word_1_68' title='bbox 1817 1247 2135 1297; x_wconf 89' lang='lat' dir='ltr'>amantum</span> <span class='ocrx_word' id='word_1_69' title='bbox 2193 1246 2261 1295; x_wconf 86' lang='grc'>80</span> 
     </span>
    </p>

    <p class='ocr_par' dir='ltr' id='par_1_12' title="bbox 452 1319 1877 1397">
     <span class='ocr_line' id='line_1_12' title="bbox 452 1319 1877 1397; baseline 0 -18"><span class='ocrx_word' id='word_1_70' title='bbox 452 1319 652 1379; x_wconf 90' lang='lat' dir='ltr'>Pallor</span> <span class='ocrx_word' id='word_1_71' title='bbox 678 1329 744 1379; x_wconf 90' lang='lat' dir='ltr'>et</span> <span class='ocrx_word' id='word_1_72' title='bbox 768 1324 832 1378; x_wconf 94' lang='lat' dir='ltr'>in</span> <span class='ocrx_word' id='word_1_73' title='bbox 856 1324 1065 1397; x_wconf 91' lang='lat' dir='ltr'>primis</span> <span class='ocrx_word' id='word_1_74' title='bbox 1092 1322 1370 1379; x_wconf 89' lang='lat' dir='ltr'>titubans</span> <span class='ocrx_word' id='word_1_75' title='bbox 1397 1322 1675 1380; x_wconf 85' lang='lat' dir='ltr'>Audacia</span> <span class='ocrx_word' id='word_1_76' title='bbox 1698 1320 1877 1380; x_wconf 85' lang='lat' dir='ltr'>furtis</span> 
     </span>
    </p>

    <p class='ocr_par' dir='ltr' id='par_1_13' title="bbox 449 1402 1932 1481">
     <span class='ocr_line' id='line_1_13' title="bbox 449 1402 1932 1481; baseline 0.001 -21"><span class='ocrx_word' id='word_1_77' title='bbox 449 1403 822 1480; x_wconf 89' lang='lat' dir='ltr'>iucundique</span> <span class='ocrx_word' id='word_1_78' title='bbox 856 1402 1068 1461; x_wconf 90' lang='lat' dir='ltr'>Metus</span> <span class='ocrx_word' id='word_1_79' title='bbox 1101 1411 1166 1460; x_wconf 92' lang='lat' dir='ltr'>et</span> <span class='ocrx_word' id='word_1_80' title='bbox 1195 1424 1319 1461; x_wconf 95' lang='lat' dir='ltr'>non</span> <span class='ocrx_word' id='word_1_81' title='bbox 1348 1422 1563 1461; x_wconf 89' lang='lat' dir='ltr'>secura</span> <span class='ocrx_word' id='word_1_82' title='bbox 1591 1402 1888 1481; x_wconf 90' lang='lat' dir='ltr'>Voluptas</span> <span class='ocrx_word' id='word_1_83' title='bbox 1916 1421 1932 1473; x_wconf 82' lang='lat'><em>3</em></span> 
     </span>
    </p>

    <p class='ocr_par' dir='ltr' id='par_1_14' title="bbox 452 1482 1821 1543">
     <span class='ocr_line' id='line_1_14' title="bbox 452 1482 1821 1543; baseline 0.001 -2"><span class='ocrx_word' id='word_1_84' title='bbox 452 1492 518 1542; x_wconf 91' lang='lat' dir='ltr'>et</span> <span class='ocrx_word' id='word_1_85' title='bbox 545 1482 769 1542; x_wconf 89' lang='lat' dir='ltr'>lasciva</span> <span class='ocrx_word' id='word_1_86' title='bbox 796 1483 1006 1542; x_wconf 88' lang='lat' dir='ltr'>volant</span> <span class='ocrx_word' id='word_1_87' title='bbox 1033 1482 1269 1542; x_wconf 88' lang='lat' dir='ltr'>levibus</span> <span class='ocrx_word' id='word_1_88' title='bbox 1301 1483 1572 1543; x_wconf 87' lang='lat' dir='ltr'>Periuria</span> <span class='ocrx_word' id='word_1_89' title='bbox 1600 1489 1821 1543; x_wconf 84' lang='lat' dir='ltr'>ventiS.</span> 
     </span>
    </p>

    <p class='ocr_par' dir='ltr' id='par_1_15' title="bbox 450 1564 1849 1644">
     <span class='ocr_line' id='line_1_15' title="bbox 450 1564 1849 1644; baseline 0.001 -21"><span class='ocrx_word' id='word_1_90' title='bbox 450 1586 602 1644; x_wconf 90' lang='lat' dir='ltr'>quos</span> <span class='ocrx_word' id='word_1_91' title='bbox 630 1569 794 1624; x_wconf 88' lang='lat' dir='ltr'>inter</span> <span class='ocrx_word' id='word_1_92' title='bbox 820 1564 1106 1643; x_wconf 91' lang='lat' dir='ltr'>petulans</span> <span class='ocrx_word' id='word_1_93' title='bbox 1137 1565 1264 1624; x_wconf 90' lang='lat' dir='ltr'>alta</span> <span class='ocrx_word' id='word_1_94' title='bbox 1293 1569 1526 1624; x_wconf 89' lang='lat' dir='ltr'>cervice</span> <span class='ocrx_word' id='word_1_95' title='bbox 1558 1567 1849 1624; x_wconf 89' lang='lat' dir='ltr'>Iuventas</span> 
     </span>
    </p>

    <p class='ocr_par' dir='ltr' id='par_1_16' title="bbox 451 1646 2259 1788">
     <span class='ocr_line' id='line_1_16' title="bbox 451 1646 2259 1707; baseline -0.001 -2"><span class='ocrx_word' id='word_1_96' title='bbox 451 1647 725 1707; x_wconf 87' lang='lat' dir='ltr'>excludit</span> <span class='ocrx_word' id='word_1_97' title='bbox 753 1646 1004 1705; x_wconf 92' lang='lat' dir='ltr'>Senium</span> <span class='ocrx_word' id='word_1_98' title='bbox 1031 1646 1187 1705; x_wconf 88' lang='lat' dir='ltr'>lucc.</span> <span class='ocrx_word' id='word_1_99' title='bbox 2192 1656 2259 1704; x_wconf 89' lang='lat'>85</span> 
     </span>
     <span class='ocr_line' id='line_1_17' title="bbox 1340 1727 1948 1788; baseline 0 -2"><span class='ocrx_word' id='word_1_100' title='bbox 1340 1727 1555 1788; x_wconf 90' lang='lat' dir='ltr'>Procul</span> <span class='ocrx_word' id='word_1_101' title='bbox 1584 1733 1743 1787; x_wconf 89' lang='lat' dir='ltr'>atria</span> <span class='ocrx_word' id='word_1_102' title='bbox 1771 1729 1948 1787; x_wconf 88' lang='lat' dir='ltr'>divae</span> 
     </span>
    </p>

    <p class='ocr_par' dir='ltr' id='par_1_17' title="bbox 449 1809 2033 1888">
     <span class='ocr_line' id='line_1_18' title="bbox 449 1809 2033 1888; baseline -0.001 -20"><span class='ocrx_word' id='word_1_103' title='bbox 449 1818 809 1888; x_wconf 90' lang='lat' dir='ltr'><strong>permutant</strong></span> <span class='ocrx_word' id='word_1_104' title='bbox 842 1809 1042 1867; x_wconf 90' lang='lat' dir='ltr'>radios</span> <span class='ocrx_word' id='word_1_105' title='bbox 1076 1809 1349 1888; x_wconf 88' lang='lat' dir='ltr'>silvaque</span> <span class='ocrx_word' id='word_1_106' title='bbox 1383 1812 1672 1869; x_wconf 91' lang='lat' dir='ltr'>obstante</span> <span class='ocrx_word' id='word_1_107' title='bbox 1705 1814 2033 1868; x_wconf 86' lang='lat' dir='ltr'>virescunt.</span> 
     </span>
    </p>

    <p class='ocr_par' dir='ltr' id='par_1_18' title="bbox 453 1891 2019 1969">
     <span class='ocr_line' id='line_1_19' title="bbox 453 1891 2019 1969; baseline 0 -19"><span class='ocrx_word' id='word_1_108' title='bbox 453 1892 743 1950; x_wconf 91' lang='lat' dir='ltr'>Lemnius</span> <span class='ocrx_word' id='word_1_109' title='bbox 773 1891 927 1949; x_wconf 89' lang='lat' dir='ltr'>haec</span> <span class='ocrx_word' id='word_1_110' title='bbox 958 1895 1147 1949; x_wconf 92' lang='lat' dir='ltr'>etiam</span> <span class='ocrx_word' id='word_1_111' title='bbox 1177 1895 1437 1969; x_wconf 89' lang='lat' dir='ltr'>gemmis</span> <span class='ocrx_word' id='word_1_112' title='bbox 1469 1895 1746 1950; x_wconf 86' lang='lat' dir='ltr'>extruxit</span> <span class='ocrx_word' id='word_1_113' title='bbox 1776 1901 1841 1951; x_wconf 91' lang='lat' dir='ltr'>et</span> <span class='ocrx_word' id='word_1_114' title='bbox 1872 1912 2019 1950; x_wconf 89' lang='lat' dir='ltr'>auro</span> 
     </span>
    </p>

    <p class='ocr_par' dir='ltr' id='par_1_19' title="bbox 452 1974 2019 2053">
     <span class='ocr_line' id='line_1_20' title="bbox 452 1974 2019 2053; baseline 0.001 -21"><span class='ocrx_word' id='word_1_115' title='bbox 452 1974 791 2032; x_wconf 90' lang='lat' dir='ltr'>admiscens</span> <span class='ocrx_word' id='word_1_116' title='bbox 823 1982 1021 2032; x_wconf 89' lang='lat' dir='ltr'>artem</span> <span class='ocrx_word' id='word_1_117' title='bbox 1049 1978 1250 2051; x_wconf 89' lang='lat' dir='ltr'>pretio</span> <span class='ocrx_word' id='word_1_118' title='bbox 1281 1976 1682 2053; x_wconf 90' lang='lat' dir='ltr'><strong>trabibusque</strong></span> <span class='ocrx_word' id='word_1_119' title='bbox 1712 1975 2019 2053; x_wconf 87' lang='lat' dir='ltr'>smaragdi</span> 
     </span>
    </p>

    <p class='ocr_par' dir='ltr' id='par_1_20' title="bbox 451 2055 1901 2134">
     <span class='ocr_line' id='line_1_21' title="bbox 451 2055 1901 2134; baseline 0.001 -21"><span class='ocrx_word' id='word_1_120' title='bbox 451 2059 772 2133; x_wconf 87' lang='lat' dir='ltr'>supposuit</span> <span class='ocrx_word' id='word_1_121' title='bbox 801 2075 1009 2113; x_wconf 90' lang='lat' dir='ltr'>caesas</span> <span class='ocrx_word' id='word_1_122' title='bbox 1040 2055 1359 2134; x_wconf 82' lang='lat' dir='ltr'>hyacinthi</span> <span class='ocrx_word' id='word_1_123' title='bbox 1386 2077 1540 2134; x_wconf 91' lang='lat' dir='ltr'><strong>rupe</strong></span> <span class='ocrx_word' id='word_1_124' title='bbox 1569 2056 1901 2115; x_wconf 73' lang='lat' dir='ltr'>columnas·</span> 
     </span>
    </p>

    <p class='ocr_par' dir='ltr' id='par_1_21' title="bbox 449 2137 2261 2217">
     <span class='ocr_line' id='line_1_22' title="bbox 449 2137 2261 2217; baseline -0.001 -22"><span class='ocrx_word' id='word_1_125' title='bbox 449 2137 685 2215; x_wconf 86' lang='lat' dir='ltr'>beryllo</span> <span class='ocrx_word' id='word_1_126' title='bbox 711 2141 912 2215; x_wconf 90' lang='lat' dir='ltr'>paries</span> <span class='ocrx_word' id='word_1_127' title='bbox 943 2146 1010 2196; x_wconf 91' lang='lat' dir='ltr'>et</span> <span class='ocrx_word' id='word_1_128' title='bbox 1035 2137 1271 2214; x_wconf 92' lang='lat' dir='ltr'>iaspide</span> <span class='ocrx_word' id='word_1_129' title='bbox 1298 2137 1530 2196; x_wconf 91' lang='lat' dir='ltr'>lubrica</span> <span class='ocrx_word' id='word_1_130' title='bbox 1558 2147 1818 2217; x_wconf 88' lang='lat' dir='ltr'>surgunt</span> <span class='ocrx_word' id='word_1_131' title='bbox 2193 2146 2261 2194; x_wconf 91' lang='grc'>90</span> 
     </span>
    </p>

    <p class='ocr_par' dir='ltr' id='par_1_22' title="bbox 450 2218 1906 2296">
     <span class='ocr_line' id='line_1_23' title="bbox 450 2218 1906 2296; baseline 0.001 -20"><span class='ocrx_word' id='word_1_132' title='bbox 450 2219 662 2277; x_wconf 91' lang='lat' dir='ltr'>limina</span> <span class='ocrx_word' id='word_1_133' title='bbox 693 2219 1145 2296; x_wconf 90' lang='lat' dir='ltr'>despectusque</span> <span class='ocrx_word' id='word_1_134' title='bbox 1177 2218 1305 2277; x_wconf 88' lang='lat' dir='ltr'>solo</span> <span class='ocrx_word' id='word_1_135' title='bbox 1336 2218 1606 2278; x_wconf 89' lang='lat' dir='ltr'>calcatur</span> <span class='ocrx_word' id='word_1_136' title='bbox 1636 2220 1906 2278; x_wconf 75' lang='lat' dir='ltr'>achates·</span> 
     </span>
    </p>

    <p class='ocr_par' dir='ltr' id='par_1_23' title="bbox 452 2299 1830 2379">
     <span class='ocr_line' id='line_1_24' title="bbox 452 2299 1830 2379; baseline 0.001 -21"><span class='ocrx_word' id='word_1_137' title='bbox 452 2305 514 2358; x_wconf 90' lang='lat' dir='ltr'>in</span> <span class='ocrx_word' id='word_1_138' title='bbox 542 2301 747 2359; x_wconf 92' lang='lat' dir='ltr'>medio</span> <span class='ocrx_word' id='word_1_139' title='bbox 776 2299 1010 2379; x_wconf 89' lang='lat' dir='ltr'>glaebis</span> <span class='ocrx_word' id='word_1_140' title='bbox 1040 2300 1458 2359; x_wconf 89' lang='lat' dir='ltr'>redolentibus</span> <span class='ocrx_word' id='word_1_141' title='bbox 1489 2321 1633 2359; x_wconf 90' lang='lat' dir='ltr'>area</span> <span class='ocrx_word' id='word_1_142' title='bbox 1662 2302 1830 2360; x_wconf 88' lang='lat' dir='ltr'>dives</span> 
     </span>
    </p>

    <p class='ocr_par' dir='ltr' id='par_1_24' title="bbox 451 2382 1934 2460">
     <span class='ocr_line' id='line_1_25' title="bbox 451 2382 1934 2460; baseline 0.001 -21"><span class='ocrx_word' id='word_1_143' title='bbox 451 2384 713 2460; x_wconf 91' lang='lat' dir='ltr'>praebet</span> <span class='ocrx_word' id='word_1_144' title='bbox 740 2382 1025 2441; x_wconf 90' lang='lat' dir='ltr'>odoratas</span> <span class='ocrx_word' id='word_1_145' title='bbox 1052 2402 1283 2440; x_wconf 89' lang='lat' dir='ltr'>messes</span> <span class='ocrx_word' id='word_1_146' title='bbox 1306 2385 1324 2451; x_wconf 66' lang='lat'>3&#39;</span> <span class='ocrx_word' id='word_1_147' title='bbox 1371 2383 1468 2441; x_wconf 89' lang='lat' dir='ltr'>hic</span> <span class='ocrx_word' id='word_1_148' title='bbox 1495 2386 1660 2441; x_wconf 88' lang='lat' dir='ltr'>mitis</span> <span class='ocrx_word' id='word_1_149' title='bbox 1689 2386 1934 2452; x_wconf 87' lang='lat' dir='ltr'><strong>amomi,</strong></span> 
     </span>
    </p>

    <p class='ocr_par' dir='ltr' id='par_1_25' title="bbox 451 2462 2053 2543">
     <span class='ocr_line' id='line_1_26' title="bbox 451 2462 2053 2543; baseline -0.001 -21"><span class='ocrx_word' id='word_1_150' title='bbox 451 2464 549 2522; x_wconf 91' lang='lat' dir='ltr'>hic</span> <span class='ocrx_word' id='word_1_151' title='bbox 580 2467 780 2522; x_wconf 88' lang='lat' dir='ltr'>casiae</span> <span class='ocrx_word' id='word_1_152' title='bbox 812 2472 1055 2521; x_wconf 91' lang='lat' dir='ltr'>matura</span> <span class='ocrx_word' id='word_1_153' title='bbox 1087 2483 1286 2542; x_wconf 88' lang='lat' dir='ltr'>seges,</span> <span class='ocrx_word' id='word_1_154' title='bbox 1320 2462 1765 2541; x_wconf 91' lang='lat' dir='ltr'>Panchaeaque</span> <span class='ocrx_word' id='word_1_155' title='bbox 1797 2472 2053 2543; x_wconf 88' lang='lat' dir='ltr'>turgent</span> 
     </span>
    </p>

    <p class='ocr_par' dir='ltr' id='par_1_26' title="bbox 454 2544 2263 2614">
     <span class='ocr_line' id='line_1_27' title="bbox 454 2544 2263 2614; baseline -0.001 -11"><span class='ocrx_word' id='word_1_156' title='bbox 454 2550 755 2614; x_wconf 87' lang='lat' dir='ltr'>cinnama,</span> <span class='ocrx_word' id='word_1_157' title='bbox 784 2565 899 2603; x_wconf 91' lang='lat' dir='ltr'>nec</span> <span class='ocrx_word' id='word_1_158' title='bbox 927 2549 1084 2604; x_wconf 89' lang='lat' dir='ltr'>sicco</span> <span class='ocrx_word' id='word_1_159' title='bbox 1112 2544 1512 2603; x_wconf 84' lang='lat' dir='ltr'>frondescunt</span> <span class='ocrx_word' id='word_1_160' title='bbox 1539 2549 1766 2604; x_wconf 89' lang='lat' dir='ltr'>vimina</span> <span class='ocrx_word' id='word_1_161' title='bbox 1794 2554 1964 2604; x_wconf 94' lang='lat' dir='ltr'>costo</span> <span class='ocrx_word' id='word_1_162' title='bbox 2194 2553 2263 2602; x_wconf 83' lang='lat'>95</span> 
     </span>
    </p>

    <p class='ocr_par' dir='ltr' id='par_1_27' title="bbox 454 2626 1876 2704">
     <span class='ocr_line' id='line_1_28' title="bbox 454 2626 1876 2704; baseline 0 -19"><span class='ocrx_word' id='word_1_163' title='bbox 454 2627 756 2704; x_wconf 88' lang='lat' dir='ltr'>tardaque</span> <span class='ocrx_word' id='word_1_164' title='bbox 786 2626 1034 2685; x_wconf 89' lang='lat' dir='ltr'>sudanti</span> <span class='ocrx_word' id='word_1_165' title='bbox 1060 2635 1402 2703; x_wconf 89' lang='lat' dir='ltr'>prorepunt</span> <span class='ocrx_word' id='word_1_166' title='bbox 1426 2626 1701 2685; x_wconf 93' lang='lat' dir='ltr'>balsama</span> <span class='ocrx_word' id='word_1_167' title='bbox 1727 2630 1876 2685; x_wconf 76' lang='lat' dir='ltr'>rivo,</span> 
     </span>
    </p>

    <p class='ocr_par' dir='ltr' id='par_1_28' title="bbox 455 2707 2267 3112">
     <span class='ocr_line' id='line_1_29' title="bbox 532 2707 2203 2787; baseline -0.001 -21"><span class='ocrx_word' id='word_1_168' title='bbox 532 2708 670 2781; x_wconf 84' lang='lat' dir='ltr'>Quo</span> <span class='ocrx_word' id='word_1_169' title='bbox 698 2717 1029 2785; x_wconf 91' lang='lat' dir='ltr'>postquam</span> <span class='ocrx_word' id='word_1_170' title='bbox 1057 2708 1343 2785; x_wconf 90' lang='lat' dir='ltr'>delapsus</span> <span class='ocrx_word' id='word_1_171' title='bbox 1372 2709 1564 2766; x_wconf 89' lang='lat' dir='ltr'>Amor</span> <span class='ocrx_word' id='word_1_172' title='bbox 1592 2707 1930 2787; x_wconf 90' lang='lat' dir='ltr'>longasque</span> <span class='ocrx_word' id='word_1_173' title='bbox 1957 2711 2203 2786; x_wconf 84' lang='lat' dir='ltr'>peregit</span> 
     </span>
     <span class='ocr_line' id='line_1_30' title="bbox 455 2788 1993 2868; baseline 0.001 -21"><span class='ocrx_word' id='word_1_174' title='bbox 455 2810 661 2868; x_wconf 92' lang='lat' dir='ltr'><strong>penna</strong></span> <span class='ocrx_word' id='word_1_175' title='bbox 689 2793 838 2859; x_wconf 83' lang='lat' dir='ltr'>viaS,</span> <span class='ocrx_word' id='word_1_176' title='bbox 869 2788 1069 2848; x_wconf 89' lang='lat' dir='ltr'>alacer</span> <span class='ocrx_word' id='word_1_177' title='bbox 1095 2809 1405 2867; x_wconf 90' lang='lat' dir='ltr'>passuque</span> <span class='ocrx_word' id='word_1_178' title='bbox 1435 2790 1752 2866; x_wconf 88' lang='lat' dir='ltr'>superbior</span> <span class='ocrx_word' id='word_1_179' title='bbox 1778 2794 1993 2848; x_wconf 88' lang='lat' dir='ltr'>intrat.</span> 
     </span>
     <span class='ocr_line' id='line_1_31' title="bbox 456 2870 1960 2930; baseline 0.001 -1"><span class='ocrx_word' id='word_1_180' title='bbox 456 2874 789 2929; x_wconf 88' lang='lat' dir='ltr'>caesariem</span> <span class='ocrx_word' id='word_1_181' title='bbox 818 2879 966 2929; x_wconf 92' lang='lat' dir='ltr'>tunc</span> <span class='ocrx_word' id='word_1_182' title='bbox 993 2870 1156 2929; x_wconf 87' lang='lat' dir='ltr'>forte</span> <span class='ocrx_word' id='word_1_183' title='bbox 1185 2870 1394 2929; x_wconf 92' lang='lat' dir='ltr'>Venus</span> <span class='ocrx_word' id='word_1_184' title='bbox 1423 2872 1685 2930; x_wconf 85' lang='lat' dir='ltr'>subnixa</span> <span class='ocrx_word' id='word_1_185' title='bbox 1712 2892 1960 2930; x_wconf 90' lang='lat' dir='ltr'>corusco</span> 
     </span>
     <span class='ocr_line' id='line_1_32' title="bbox 457 2951 2267 3031; baseline 0.001 -21"><span class='ocrx_word' id='word_1_186' title='bbox 457 2953 734 3031; x_wconf 90' lang='lat' dir='ltr'>fingebat</span> <span class='ocrx_word' id='word_1_187' title='bbox 762 2951 930 3011; x_wconf 89' lang='lat' dir='ltr'>soli0.</span> <span class='ocrx_word' id='word_1_188' title='bbox 1011 2952 1232 3010; x_wconf 88' lang='lat' dir='ltr'>dextra</span> <span class='ocrx_word' id='word_1_189' title='bbox 1260 2951 1558 3030; x_wconf 90' lang='lat' dir='ltr'>laevaque</span> <span class='ocrx_word' id='word_1_190' title='bbox 1587 2972 1820 3011; x_wconf 88' lang='lat' dir='ltr'>sorores</span> <span class='ocrx_word' id='word_1_191' title='bbox 2167 2961 2267 3011; x_wconf 87' lang='grc'>100</span> 
     </span>
     <span class='ocr_line' id='line_1_33' title="bbox 456 3033 1988 3112; baseline -0.001 -19"><span class='ocrx_word' id='word_1_192' title='bbox 456 3036 710 3093; x_wconf 89' lang='lat' dir='ltr'>stabant</span> <span class='ocrx_word' id='word_1_193' title='bbox 737 3033 968 3092; x_wconf 92' lang='lat' dir='ltr'>Idaliae</span> <span class='ocrx_word' id='word_1_194' title='bbox 997 3054 1010 3091; x_wconf 91' lang='lat'><strong>:</strong></span> <span class='ocrx_word' id='word_1_195' title='bbox 1061 3033 1260 3112; x_wconf 89' lang='lat' dir='ltr'>largos</span> <span class='ocrx_word' id='word_1_196' title='bbox 1290 3033 1443 3092; x_wconf 91' lang='lat' dir='ltr'>haec</span> <span class='ocrx_word' id='word_1_197' title='bbox 1470 3038 1735 3093; x_wconf 88' lang='lat' dir='ltr'>nectaris</span> <span class='ocrx_word' id='word_1_198' title='bbox 1762 3035 1988 3092; x_wconf 88' lang='lat' dir='ltr'>imbres</span> 
     </span>
    </p>
   </div>
   <div class='ocr_carea' id='block_1_3' title="bbox 461 3209 1615 3346">
    <p class='ocr_par' dir='ltr' id='par_1_29' title="bbox 461 3209 1615 3346">
     <span class='ocr_line' id='line_1_34' title="bbox 1110 3209 1615 3260; baseline 0 -1"><span class='ocrx_word' id='word_1_199' title='bbox 1110 3209 1130 3239; x_wconf 88' lang='lat'>¹</span> <span class='ocrx_word' id='word_1_200' title='bbox 1166 3209 1252 3259; x_wconf 57' lang='lat' dir='ltr'>ia.</span> <span class='ocrx_word' id='word_1_201' title='bbox 1278 3209 1372 3260; x_wconf 89' lang='lat' dir='ltr'>the</span> <span class='ocrx_word' id='word_1_202' title='bbox 1395 3209 1615 3260; x_wconf 87' lang='lat' dir='ltr'>Graces.</span> 
     </span>
     <span class='ocr_line' id='line_1_35' title="bbox 461 3295 576 3346; baseline 0.017 -2"><span class='ocrx_word' id='word_1_203' title='bbox 461 3295 576 3346; x_wconf 78' lang='lat'>248</span> 
     </span>
    </p>
   </div>
  </div>
 </body>
</html>
