2511 3938
1177 303 1625 363 CLAUDIAN

498 461 847 532 ArmeniuS,
875 461 1091 541 refugo
1120 484 1280 541 quae
1309 468 1389 523 sit
1418 465 1638 523 fiducia
1669 464 1896 524 Partho
1924 486 1938 524 z

500 576 584 630 sic
613 572 1020 651 Amphioniae
1048 574 1302 651 pulcher
1330 575 1549 633 sudore
1577 575 1925 653 palaestrae

499 678 745 738 Alcides
773 680 1092 757 pharetras
1123 681 1510 761 Dircaeaque
1540 682 1668 741 tela
1696 682 1936 742 solebat

500 795 961 865 praetemptare
990 789 1136 849 feris
1166 789 1311 848 olim
1340 790 1648 849 domitura
1678 790 1981 869 Gigantes

503 901 568 952 et
597 914 815 971 pacem
843 896 1045 956 latura
1072 897 1235 976 polo,
1266 917 1632 976 semperque
1663 908 1953 957 cruentus
2207 908 2313 956 535

500 1002 633 1061 ibat
654 1012 719 1062 et
739 1003 1073 1063 Alcmenae
1092 1006 1388 1083 praedam
1407 1004 1720 1065 referebat
1740 1010 1948 1065 ovanti
1974 1026 1990 1075 ;

501 1111 815 1171 caeruleus
846 1113 955 1173 tali
983 1122 1326 1191 prostratus
1356 1113 1641 1191 Apolline
1673 1112 1918 1193 Python

501 1219 802 1297 implicuit
828 1218 1036 1278 fractis
1065 1224 1362 1279 moritura
1388 1219 1696 1278 volumina
1724 1220 1906 1279 silvis,

581 1326 737 1384 Cum
763 1330 1022 1385 vectaris
1052 1347 1211 1406 equo
1239 1327 1682 1407 simulacraque
1714 1326 1945 1387 Martia
1970 1328 2152 1399 ludis,

502 1438 637 1513 quis
665 1435 859 1494 mollis
887 1440 1127 1494 sinuare
1154 1435 1355 1514 fugaS,
1384 1440 1518 1513 quis
1546 1436 1804 1494 tendere
1831 1445 2083 1496 contum
2205 1446 2313 1494 540

506 1547 698 1601 acrior
728 1551 837 1602 aut
865 1544 1099 1602 subitos
1129 1543 1343 1602 melior
1372 1543 1614 1602 flexisse
1643 1564 1920 1603 recursus
1947 1545 1970 1602 ?

504 1670 628 1708 non
656 1660 721 1709 te
756 1650 1173 1729 Massagetae,
1201 1672 1326 1709 non
1354 1672 1506 1730 gens
1536 1656 1808 1710 exercita
1836 1671 2052 1728 campo

504 1755 817 1826 Thessala,
845 1778 968 1815 non
996 1761 1111 1834 ipsi
1140 1766 1437 1835 poterunt
1466 1778 1732 1835 aequare
1761 1758 2132 1815 bimembres
2160 1776 2176 1825 ;

504 1868 606 1921 vix
634 1868 888 1923 comites
917 1864 1073 1935 alae,
1100 1870 1201 1924 vix
1229 1875 1296 1923 te
1324 1886 1618 1944 suspensa
1645 1874 1987 1943 sequuntur

507 1975 753 2049 agmina
770 1969 1205 2051 ferventesque
1226 1983 1475 2032 tument
1492 1982 1634 2052 post
1653 1981 1831 2052 terga
1850 1974 2165 2032 dracones,
2204 1981 2313 2029 545

509 2087 703 2157 utque
733 2083 855 2138 tuis
884 2084 1149 2157 primum
1179 2085 1423 2159 sonipes
1452 2081 1785 2140 calcaribus
1817 2085 1985 2150 arsit,

506 2191 833 2265 ignescunt
858 2187 1110 2265 patulae
1138 2208 1338 2258 nareS,
1365 2209 1488 2246 non
1515 2192 1708 2246 sentit
1733 2187 1993 2246 harenas

510 2296 740 2374 ungula
767 2297 1198 2375 discussaeque
1225 2297 1409 2356 iubae
1439 2306 1811 2375 sparguntur
1836 2300 1901 2354 in
1930 2316 2127 2354 armos
2155 2314 2173 2364 ;

511 2404 841 2462 turbantur
867 2403 1180 2481 phalerae,
1209 2408 1506 2482 spumosis
1537 2404 1833 2462 morsibus
1865 2424 2078 2461 aurum

507 2509 729 2580 fumat,
760 2509 1120 2569 anhelantes
1151 2511 1469 2569 exundant
1497 2514 1794 2588 sanguine
1822 2529 2128 2588 gemmae.
2214 2519 2326 2568 550

510 2622 641 2695 ipse
670 2617 842 2676 labor
867 2617 1189 2695 pulvisque
1217 2619 1400 2677 decet
1426 2616 1801 2696 confusaque
1830 2627 2003 2676 motu

511 2729 809 2783 caesaries
837 2745 852 2794 3
901 2729 1087 2784 vestis
1115 2727 1355 2785 radiato
1382 2729 1612 2783 murice
1640 2725 1832 2783 solem

512 2833 828 2903 combibit,
855 2837 1099 2912 ingesto
1127 2839 1428 2912 crispatur
1455 2854 1725 2911 purpura
1753 2842 1961 2892 vento.

514 2943 564 2996 si
592 2940 872 2998 dominus
900 2939 1213 3018 legeretur
1243 2944 1437 3018 equiS,
1465 2949 1575 2998 tua
1602 2950 1885 3018 posceret
1914 2939 2074 2998 ultro

513 3048 769 3106 verbera
800 3048 1136 3107 Nereidum
1166 3048 1421 3107 stabulis
1452 3053 1719 3107 nutritus
1750 3050 1941 3106 Arion
2217 3057 2324 3105 555

513 3159 891 3232 serviretque
923 3159 1044 3213 tuis
1074 3164 1432 3233 contempto
1463 3156 1717 3214 Castore
1745 3153 1934 3213 frenis

520 3249 636 3308 326
