2511 3938
1117 306 1567 366 CLAUDIAN

439 466 593 525 haec
620 470 782 525 nitet
810 471 1030 525 armati
1057 470 1292 545 species
1319 485 1335 536 ;
1384 487 1741 525 numerosus
1770 467 2000 544 ubique

433 551 641 631 fulget
670 573 858 631 eques
887 574 901 612 t
948 549 1224 631 praefert
1252 553 1517 612 eunuchi
1542 557 1710 611 curia
1735 553 1960 611 vultus,

441 659 512 697 ac
541 637 733 698 veluti
759 648 1019 698 caveant
1045 660 1125 697 ne
1154 660 1276 717 quo
1304 643 1636 698 consistere
1662 642 1855 698 virtus
2180 647 2245 695 75

439 729 632 803 possit
656 746 812 803 pura
837 726 991 796 loc0,
1018 735 1270 785 cunctas
1298 726 1413 784 hoc
1439 746 1544 784 ore
1570 726 1855 784 laborant

437 816 741 870 incestare
768 816 916 870 vias.
996 820 1292 870 maneant
1316 816 1553 870 inmota
1577 832 1900 890 precamur

439 906 732 976 certaque
757 902 1045 976 perpetui
1073 899 1196 956 sint
1223 906 1591 976 argumenta
1616 898 1886 976 pudoris,

437 985 652 1042 subter
679 984 1001 1043 adulantes
1029 984 1193 1043 tituli
1220 987 1571 1062 nimiaeque
1597 982 1890 1062 leguntur

438 1070 536 1129 vel
562 1072 829 1129 maribus
856 1069 1069 1128 laudes
1099 1090 1112 1128 ε
1161 1070 1323 1128 claro
1352 1069 1517 1148 quod
1542 1070 1761 1129 nobilis
1789 1079 1928 1128 ortu
2178 1078 2244 1127 80

437 1156 603 1234 (cum
629 1160 838 1215 vivant
865 1156 1095 1214 domini
1122 1156 1184 1235 1),
1213 1156 1380 1234 quod
1406 1159 1677 1214 maxima
1703 1156 1936 1234 proelia
1964 1154 2125 1215 solus

436 1242 692 1320 impleat
721 1242 812 1321 (et
837 1247 1074 1320 patitur
1100 1242 1275 1300 miles
1298 1242 1361 1321 l),
1389 1241 1556 1321 quod
1581 1246 1802 1301 tertius
1830 1243 1995 1300 urbis

436 1328 715 1386 conditor
742 1328 880 1407 (hoc
906 1329 1103 1407 Byzas
1131 1328 1695 1406 Constantinusque
1722 1327 2019 1387 videbant
2045 1328 2108 1407 l).

434 1418 599 1472 inter
626 1434 785 1491 quae
814 1414 1085 1473 tumidus
1112 1414 1253 1472 leno
1279 1414 1619 1492 producere
1646 1434 1829 1473 cenas

434 1504 499 1558 in
524 1499 746 1570 lucem,
772 1499 1010 1559 foetere
1038 1521 1228 1570 mer0,
1257 1501 1609 1578 dispergere
1636 1500 1918 1578 plausum
2173 1509 2240 1557 85

432 1595 750 1663 empturas
777 1590 842 1644 in
869 1585 1084 1665 vulgus
1113 1605 1284 1664 opeS,
1311 1594 1602 1664 totosque
1629 1587 1890 1646 theatris

434 1672 755 1750 indulgere
783 1673 935 1742 dies,
963 1672 1146 1731 alieni
1171 1673 1463 1751 prodigus
1493 1676 1644 1732 auri.

437 1766 504 1816 at
530 1778 696 1816 soror
725 1767 810 1828 et,
838 1762 888 1816 si
916 1758 1064 1836 quid
1089 1762 1393 1835 portentis
1420 1759 1711 1828 creditur,
1738 1778 1893 1817 uxor

435 1844 747 1904 mulcebat
772 1852 1001 1902 matres
1031 1844 1224 1922 epulis
1254 1852 1320 1904 et
1346 1864 1516 1902 more
1541 1845 1803 1922 pudicae

434 1933 706 2009 coniugis
736 1929 998 1989 eunuchi
1024 1929 1380 1989 celebrabat
1405 1940 1552 1990 vota
1577 1934 1803 1990 mariti.
2172 1939 2239 1989 90

434 2016 591 2075 hanc
619 2026 809 2087 amat,
836 2016 993 2075 hanc
1020 2037 1260 2074 summa
1286 2017 1366 2075 de
1392 2038 1460 2075 re
1487 2017 1587 2075 vel
1610 2037 1765 2095 pace
1792 2017 1891 2075 vel
1918 2020 2100 2075 armis

434 2103 715 2172 consulit,
742 2098 881 2162 huic
908 2123 1081 2161 curas
1111 2112 1177 2161 et
1203 2104 1409 2162 clausa
1435 2103 1666 2181 palatia
1691 2104 1948 2162 mandat

435 2209 548 2248 ceu
576 2188 887 2248 stabulum
913 2210 1293 2268 vacuamque
1321 2191 1591 2249 domum.
1650 2193 1736 2247 sic
1763 2210 1991 2267 magna
2020 2193 2182 2247 tueri

433 2296 627 2355 regna
653 2276 823 2346 nihil,
848 2279 1217 2354 patiensque
1243 2280 1373 2354 iugi
1400 2275 1715 2334 deluditur
1741 2276 1902 2334 orbis
1929 2277 1952 2333 ?

513 2364 728 2422 Mitior
755 2362 1061 2421 alternum
1088 2362 1354 2441 Zephyri
1377 2366 1502 2420 iam
1528 2362 1746 2420 bruma
1773 2370 2053 2440 teporem
2171 2371 2239 2419 95

434 2458 711 2508 senserat
740 2458 805 2508 et
829 2453 1011 2527 primi
1038 2446 1335 2507 laxabant
1361 2451 1639 2526 germina
1666 2446 1866 2518 floreS,

431 2539 679 2614 iamque
706 2540 826 2594 iter
851 2540 915 2593 in
942 2539 1175 2614 gremio
1202 2539 1369 2613 pacis
1398 2533 1691 2593 sollemne
1717 2536 2024 2612 parabant

435 2624 514 2682 ad
540 2643 766 2692 murOS,
793 2622 1060 2701 Ancyra,
1089 2631 1250 2691 tuOS,
1279 2630 1529 2680 auctore
1556 2630 1873 2699 repertum

433 2710 752 2786 Eutropi0,
778 2708 983 2787 pelagi
1011 2728 1091 2766 ne
1118 2707 1329 2766 taedia
1353 2707 1538 2786 longa
1565 2708 1862 2778 subirent,

504 2892 524 2923 ¹
563 2891 830 2956 Mythical
879 2889 1108 2942 founder
1159 2889 1220 2940 of
1270 2890 1595 2955 Byzantium
1648 2889 2237 2957 (=Constantinople)=

428 2956 544 3008 said
589 2961 648 3007 to
693 2957 829 3006 have
874 2956 1010 3007 been
1055 2960 1571 3021 contemporaneous
1617 2956 1745 3006 with
1790 2956 1882 3007 the
1927 2958 2239 3023 Argonauts

429 3021 615 3088 (Diod.
643 3023 712 3073 iv.
739 3026 824 3073 49.
857 3022 926 3087 1).

499 3090 519 3120 ²
554 3090 641 3140 ia.
682 3094 739 3139 to
777 3093 1002 3154 prevent
1040 3088 1123 3138 his
1163 3087 1329 3153 being
1366 3087 1536 3138 bored
1574 3087 1703 3137 with
1741 3087 1835 3139 the
1872 3091 2009 3140 view
2047 3089 2109 3141 of
2148 3090 2243 3142 the

436 3156 728 3220 Bosporus·

436 3241 460 3290 1
471 3241 549 3299 90
