2511 3938
1189 297 1638 359 CLAUDIAN

514 455 762 514 armifer
791 466 856 515 et
882 457 1060 516 viridi
1087 457 1336 517 floreret
1363 458 1558 516 milite
1587 457 1807 516 sulcus,

513 555 628 615 hoc
655 577 902 637 quoque
929 580 1054 618 non
1077 581 1268 637 parva
1292 559 1385 618 fas
1415 569 1511 618 est
1536 580 1676 617 cum
1701 559 1884 616 laude
1912 557 2199 635 relinqui,
2227 565 2335 614 325

516 662 682 739 quod
709 681 833 719 non
860 669 1006 718 ante
1033 659 1208 718 fretis
1236 664 1543 718 exercitus
1572 660 1815 718 adstitit
1841 659 2024 729 ultor,

517 762 729 819 ordine
758 781 945 840 quam
970 764 1168 839 prisco
1195 769 1480 819 censeret
1505 760 1668 819 bella
1695 768 1967 818 senatus,

518 863 872 942 neglectum
901 862 1152 921 Stilicho
1179 883 1293 942 per
1320 872 1419 922 tot
1444 867 1569 920 iam
1597 861 1841 921 saecula
1867 880 2100 920 morem

518 964 783 1036 rettulit,
813 973 884 1023 ut
912 964 1167 1023 ducibus
1197 965 1567 1024 mandarent
1593 964 1826 1042 proelia
1851 971 2060 1042 patres

520 1066 896 1145 decretoque
929 1075 1114 1145 togae
1145 1065 1295 1124 felix
1326 1066 1668 1144 legionibus
1697 1069 1818 1124 iret
2232 1073 2340 1122 330

521 1177 778 1228 tessera.
857 1169 1186 1228 Romuleas
1216 1170 1388 1248 leges
1418 1170 1671 1228 rediisse
1700 1168 1993 1239 fatemur,

524 1293 663 1330 cum
689 1291 1012 1350 procerum
1036 1274 1212 1329 iussis
1239 1270 1607 1329 famulantia
1633 1275 1936 1329 cernimus
1965 1291 2156 1329 arma.

600 1373 986 1452 Tyrrhenum
1013 1381 1262 1450 poteras
1293 1376 1526 1432 cunctis
1557 1377 1979 1431 transmittere
2009 1376 2199 1450 signis

526 1484 593 1535 et
619 1477 854 1535 ratibus
884 1475 1120 1555 SyrteS,
1150 1473 1412 1554 Libyam
1440 1475 1747 1553 complere
1775 1474 2057 1554 maniplis
2084 1493 2100 1544 ;

526 1579 773 1638 consilio
801 1582 981 1637 stetit
1007 1582 1099 1636 ira
1125 1582 1344 1648 minor,
1372 1598 1451 1636 ne
1480 1582 1731 1636 territus
1757 1577 1861 1636 ille
2233 1585 2340 1634 335

527 1690 592 1740 te
621 1682 777 1740 duce
806 1690 1092 1759 suspecto
1123 1681 1344 1739 Martis
1372 1685 1650 1760 graviore
1676 1689 1900 1758 paratu

530 1793 639 1842 aut
664 1789 730 1841 in
757 1784 1086 1842 harenosos
1116 1792 1323 1842 aestus
1352 1803 1692 1861 zonamque
1721 1784 2050 1841 rubentem

528 1889 820 1946 tenderet
848 1896 958 1946 aut
985 1887 1125 1946 solis
1153 1885 1398 1965 fugiens
1426 1891 1717 1945 transiret
1741 1890 1808 1944 in
1835 1894 2003 1944 ortus

530 1995 896 2049 missurusve
927 1991 1041 2048 sibi
1071 1999 1281 2049 certae
1311 1990 1533 2048 solacia
1562 1993 1775 2048 mortis

530 2093 757 2171 oppida
783 2093 1058 2150 dirueret
1084 2091 1366 2150 flammis,
1445 2111 1543 2150 res
1570 2095 1724 2150 mira
1748 2092 1949 2150 relatu
1977 2112 1990 2150 :
2235 2099 2343 2149 340

532 2215 610 2252 ne
640 2198 899 2253 timeare
928 2199 1110 2253 times
1142 2203 1228 2264 et,
1258 2213 1445 2272 quem
1472 2194 1743 2252 vindicta
1770 2195 2087 2264 manebat,

532 2297 862 2376 desperare
893 2307 1089 2356 vetaS.
1169 2306 1476 2375 quantum
1504 2296 1725 2355 fiducia
1755 2298 1928 2355 nobis

530 2396 764 2476 profuit
792 2399 804 2456 1
885 2398 1119 2457 hostilis
1148 2397 1353 2456 salvae
1384 2397 1770 2475 Carthaginis
1801 2418 1969 2456 arces
1996 2417 2012 2467 ;

532 2500 776 2558 inlaesis
806 2500 973 2579 Tyrii
1002 2500 1282 2579 gaudent
1311 2499 1643 2558 cultoribus
1675 2504 1826 2578 agri,

535 2621 686 2679 quos
715 2604 923 2678 potuit
952 2609 1194 2658 vastare
1224 2599 1395 2677 fuga.
1475 2618 1584 2678 spe
1615 2607 1830 2678 captus
1859 2603 2029 2658 inani
2236 2610 2344 2659 345

534 2723 648 2761 nec
675 2722 741 2760 se
769 2704 1072 2779 subripuit
1097 2721 1337 2780 poenae
1365 2696 1709 2780 nostrisque
1735 2707 2050 2781 pepercit:

536 2804 814 2873 demens,
843 2808 948 2882 qui
976 2823 1231 2862 numero
1260 2812 1527 2874 tantum,
1555 2825 1679 2862 non
1705 2805 1922 2863 robore
1950 2825 2200 2864 mensus

537 2908 842 2966 Romanos
870 2906 1097 2983 rapidis
1125 2907 1260 2964 ibat
1287 2926 1402 2964 ceu
1428 2910 1705 2983 protinus
1736 2926 1947 2966 omnes

535 3011 875 3070 calcaturus
906 3012 1077 3087 equis
1108 3018 1194 3078 et,
1223 3009 1391 3086 quod
1416 3012 1645 3067 iactare
1674 3008 1933 3081 solebat,

535 3113 760 3172 solibus
792 3110 1008 3169 effetos
1038 3130 1346 3169 mersurus
1375 3110 1628 3188 pulvere
1660 3111 1888 3173 Gallos-
2236 3122 2344 3175 350

539 3315 652 3368 388
