<?xml version="1.0" encoding="UTF-8"?>
<!DOCTYPE html PUBLIC "-//W3C//DTD XHTML 1.0 Transitional//EN"
    "http://www.w3.org/TR/xhtml1/DTD/xhtml1-transitional.dtd">
<html xmlns="http://www.w3.org/1999/xhtml" xml:lang="en" lang="en">
 <head>
  <title>
</title>
<meta http-equiv="Content-Type" content="text/html;charset=utf-8" />
  <meta name='ocr-system' content='tesseract 3.04.00' />
  <meta name='ocr-capabilities' content='ocr_page ocr_carea ocr_par ocr_line ocrx_word'/>
</head>
<body>
  <div class='ocr_page' id='page_1' title='image "./claudianvolume00claugoog_0248.png"; bbox 0 0 2511 3938; ppageno 0'>
   <div class='ocr_carea' id='block_1_1' title="bbox 1120 313 1567 373">
    <p class='ocr_par' dir='ltr' id='par_1_1' title="bbox 1120 313 1567 373">
     <span class='ocr_line' id='line_1_1' title="bbox 1120 313 1567 373; baseline -0.007 0"><span class='ocrx_word' id='word_1_1' title='bbox 1120 313 1567 373; x_wconf 88' lang='lat' dir='ltr'>CLAUDIAN</span> 
     </span>
    </p>
   </div>
   <div class='ocr_carea' id='block_1_2' title="bbox 444 473 1970 641">
    <p class='ocr_par' dir='ltr' id='par_1_2' title="bbox 444 473 1970 641">
     <span class='ocr_line' id='line_1_2' title="bbox 444 473 1901 551; baseline -0.002 -18"><span class='ocrx_word' id='word_1_2' title='bbox 444 478 530 533; x_wconf 88' lang='lat' dir='ltr'>sic</span> <span class='ocrx_word' id='word_1_3' title='bbox 556 478 730 533; x_wconf 89' lang='lat' dir='ltr'>vacui</span> <span class='ocrx_word' id='word_1_4' title='bbox 757 476 1009 533; x_wconf 92' lang='lat' dir='ltr'>rectoris</span> <span class='ocrx_word' id='word_1_5' title='bbox 1037 476 1201 551; x_wconf 92' lang='lat' dir='ltr'>equi,</span> <span class='ocrx_word' id='word_1_6' title='bbox 1228 476 1314 531; x_wconf 93' lang='lat' dir='ltr'>sic</span> <span class='ocrx_word' id='word_1_7' title='bbox 1340 473 1490 531; x_wconf 88' lang='lat' dir='ltr'>orba</span> <span class='ocrx_word' id='word_1_8' title='bbox 1514 474 1808 550; x_wconf 88' lang='lat' dir='ltr'>magistro</span> <span class='ocrx_word' id='word_1_9' title='bbox 1894 497 1901 502; x_wconf 96' lang='lat'>·</span> 
     </span>
     <span class='ocr_line' id='line_1_3' title="bbox 444 561 1970 641; baseline -0.003 -19"><span class='ocrx_word' id='word_1_10' title='bbox 444 562 643 623; x_wconf 86' lang='lat' dir='ltr'>fertur</span> <span class='ocrx_word' id='word_1_11' title='bbox 667 567 732 622; x_wconf 92' lang='lat' dir='ltr'>in</span> <span class='ocrx_word' id='word_1_12' title='bbox 760 565 1090 641; x_wconf 91' lang='lat' dir='ltr'>abruptum</span> <span class='ocrx_word' id='word_1_13' title='bbox 1117 583 1284 633; x_wconf 92' lang='lat' dir='ltr'>casu,</span> <span class='ocrx_word' id='word_1_14' title='bbox 1310 583 1434 620; x_wconf 91' lang='lat' dir='ltr'>non</span> <span class='ocrx_word' id='word_1_15' title='bbox 1460 561 1680 631; x_wconf 93' lang='lat' dir='ltr'>sidere,</span> <span class='ocrx_word' id='word_1_16' title='bbox 1706 563 1927 639; x_wconf 88' lang='lat' dir='ltr'>puppis</span> <span class='ocrx_word' id='word_1_17' title='bbox 1954 578 1970 629; x_wconf 82' lang='lat'><em>3</em></span> 
     </span>
    </p>
   </div>
   <div class='ocr_carea' id='block_1_3' title="bbox 445 658 2266 2773">
    <p class='ocr_par' dir='ltr' id='par_1_3' title="bbox 445 658 2256 1271">
     <span class='ocr_line' id='line_1_4' title="bbox 446 658 2254 739; baseline -0.001 -20"><span class='ocrx_word' id='word_1_18' title='bbox 446 665 531 719; x_wconf 90' lang='lat' dir='ltr'>sic</span> <span class='ocrx_word' id='word_1_19' title='bbox 557 664 682 719; x_wconf 89' lang='lat' dir='ltr'>ruit</span> <span class='ocrx_word' id='word_1_20' title='bbox 706 664 772 718; x_wconf 93' lang='lat' dir='ltr'>in</span> <span class='ocrx_word' id='word_1_21' title='bbox 797 679 980 739; x_wconf 89' lang='lat' dir='ltr'>rupes</span> <span class='ocrx_word' id='word_1_22' title='bbox 1009 662 1228 718; x_wconf 88' lang='lat' dir='ltr'>amisso</span> <span class='ocrx_word' id='word_1_23' title='bbox 1254 663 1421 737; x_wconf 91' lang='lat' dir='ltr'>pisce</span> <span class='ocrx_word' id='word_1_24' title='bbox 1449 658 1640 718; x_wconf 88' lang='lat' dir='ltr'>sodali</span> <span class='ocrx_word' id='word_1_25' title='bbox 2147 663 2254 711; x_wconf 85' lang='lat'>425</span> 
     </span>
     <span class='ocr_line' id='line_1_5' title="bbox 446 746 1910 826; baseline -0.003 -18"><span class='ocrx_word' id='word_1_26' title='bbox 446 749 652 819; x_wconf 88' lang='lat' dir='ltr'>belua,</span> <span class='ocrx_word' id='word_1_27' title='bbox 679 748 998 808; x_wconf 85' lang='lat' dir='ltr'><strong>sulcandas</strong></span> <span class='ocrx_word' id='word_1_28' title='bbox 1026 751 1132 826; x_wconf 92' lang='lat' dir='ltr'>qui</span> <span class='ocrx_word' id='word_1_29' title='bbox 1156 752 1440 826; x_wconf 90' lang='lat' dir='ltr'>praevius</span> <span class='ocrx_word' id='word_1_30' title='bbox 1470 747 1689 807; x_wconf 83' lang='lat' dir='ltr'>edocet</span> <span class='ocrx_word' id='word_1_31' title='bbox 1715 746 1910 805; x_wconf 89' lang='lat' dir='ltr'>undas</span> 
     </span>
     <span class='ocr_line' id='line_1_6' title="bbox 446 833 2089 915; baseline -0.004 -19"><span class='ocrx_word' id='word_1_32' title='bbox 446 841 917 915; x_wconf 91' lang='lat' dir='ltr'>inmensumque</span> <span class='ocrx_word' id='word_1_33' title='bbox 942 855 1131 915; x_wconf 92' lang='lat' dir='ltr'>pecus</span> <span class='ocrx_word' id='word_1_34' title='bbox 1157 856 1384 914; x_wconf 90' lang='lat' dir='ltr'>parvae</span> <span class='ocrx_word' id='word_1_35' title='bbox 1411 836 1828 895; x_wconf 82' lang='lat' dir='ltr'><strong>moderamine</strong></span> <span class='ocrx_word' id='word_1_36' title='bbox 1856 833 2089 892; x_wconf 88' lang='lat' dir='ltr'>caudae</span> 
     </span>
     <span class='ocr_line' id='line_1_7' title="bbox 448 922 2021 1003; baseline -0.003 -20"><span class='ocrx_word' id='word_1_37' title='bbox 448 932 761 1003; x_wconf 79' lang='lat' dir='ltr'>temperat</span> <span class='ocrx_word' id='word_1_38' title='bbox 789 934 856 983; x_wconf 88' lang='lat' dir='ltr'>et</span> <span class='ocrx_word' id='word_1_39' title='bbox 881 933 1059 984; x_wconf 89' lang='lat' dir='ltr'>tanto</span> <span class='ocrx_word' id='word_1_40' title='bbox 1086 928 1403 1002; x_wconf 90' lang='lat' dir='ltr'>coniungit</span> <span class='ocrx_word' id='word_1_41' title='bbox 1428 922 1681 982; x_wconf 83' lang='lat' dir='ltr'><strong>foedera</strong></span> <span class='ocrx_word' id='word_1_42' title='bbox 1707 931 1979 981; x_wconf 90' lang='lat' dir='ltr'>monstro</span> <span class='ocrx_word' id='word_1_43' title='bbox 2006 940 2021 990; x_wconf 90' lang='lat'>;</span> 
     </span>
     <span class='ocr_line' id='line_1_8' title="bbox 445 1010 1892 1091; baseline -0.002 -19"><span class='ocrx_word' id='word_1_44' title='bbox 445 1012 551 1072; x_wconf 88' lang='lat' dir='ltr'>illa</span> <span class='ocrx_word' id='word_1_45' title='bbox 577 1021 756 1073; x_wconf 88' lang='lat' dir='ltr'>natat</span> <span class='ocrx_word' id='word_1_46' title='bbox 781 1017 1033 1071; x_wconf 85' lang='lat' dir='ltr'>rationis</span> <span class='ocrx_word' id='word_1_47' title='bbox 1059 1017 1234 1091; x_wconf 89' lang='lat' dir='ltr'>inops</span> <span class='ocrx_word' id='word_1_48' title='bbox 1265 1020 1330 1071; x_wconf 91' lang='lat' dir='ltr'>et</span> <span class='ocrx_word' id='word_1_49' title='bbox 1357 1032 1540 1071; x_wconf 92' lang='lat' dir='ltr'>caeca</span> <span class='ocrx_word' id='word_1_50' title='bbox 1564 1010 1851 1090; x_wconf 87' lang='lat' dir='ltr'>profundi</span> <span class='ocrx_word' id='word_1_51' title='bbox 1876 1030 1892 1080; x_wconf 93' lang='lat'>;</span> 
     </span>
     <span class='ocr_line' id='line_1_9' title="bbox 447 1102 2256 1181; baseline -0.004 -21"><span class='ocrx_word' id='word_1_52' title='bbox 447 1106 573 1161; x_wconf 92' lang='lat' dir='ltr'>iam</span> <span class='ocrx_word' id='word_1_53' title='bbox 599 1103 884 1161; x_wconf 89' lang='lat' dir='ltr'>brevibus</span> <span class='ocrx_word' id='word_1_54' title='bbox 911 1102 1215 1181; x_wconf 88' lang='lat' dir='ltr'>deprensa</span> <span class='ocrx_word' id='word_1_55' title='bbox 1240 1102 1411 1161; x_wconf 86' lang='lat' dir='ltr'>vadis</span> <span class='ocrx_word' id='word_1_56' title='bbox 1436 1105 1652 1180; x_wconf 88' lang='lat' dir='ltr'>ignara</span> <span class='ocrx_word' id='word_1_57' title='bbox 1676 1103 1904 1159; x_wconf 84' lang='lat' dir='ltr'>reverti</span> <span class='ocrx_word' id='word_1_58' title='bbox 2151 1104 2256 1154; x_wconf 85' lang='lat'>430</span> 
     </span>
     <span class='ocr_line' id='line_1_10' title="bbox 447 1189 1801 1271; baseline -0.001 -22"><span class='ocrx_word' id='word_1_59' title='bbox 447 1191 714 1271; x_wconf 81' lang='lat' dir='ltr'>palpitat</span> <span class='ocrx_word' id='word_1_60' title='bbox 745 1199 812 1249; x_wconf 85' lang='lat' dir='ltr'>et</span> <span class='ocrx_word' id='word_1_61' title='bbox 840 1211 1026 1249; x_wconf 87' lang='lat' dir='ltr'>vanos</span> <span class='ocrx_word' id='word_1_62' title='bbox 1056 1190 1317 1269; x_wconf 91' lang='lat' dir='ltr'>scopulis</span> <span class='ocrx_word' id='word_1_63' title='bbox 1345 1190 1548 1250; x_wconf 88' lang='lat' dir='ltr'>inlidit</span> <span class='ocrx_word' id='word_1_64' title='bbox 1575 1189 1801 1248; x_wconf 77' lang='lat' dir='ltr'>hiatus,</span> 
     </span>
    </p>

    <p class='ocr_par' dir='ltr' id='par_1_4' title="bbox 449 1278 2266 2773">
     <span class='ocr_line' id='line_1_11' title="bbox 525 1278 2015 1358; baseline -0.002 -20"><span class='ocrx_word' id='word_1_65' title='bbox 525 1278 867 1358; x_wconf 88' lang='lat' dir='ltr'>Tarbigilus</span> <span class='ocrx_word' id='word_1_66' title='bbox 897 1278 1181 1338; x_wconf 87' lang='lat' dir='ltr'>simulare</span> <span class='ocrx_word' id='word_1_67' title='bbox 1211 1278 1425 1358; x_wconf 87' lang='lat' dir='ltr'>fugam</span> <span class='ocrx_word' id='word_1_68' title='bbox 1454 1278 1760 1357; x_wconf 89' lang='lat' dir='ltr'>flatusque</span> <span class='ocrx_word' id='word_1_69' title='bbox 1792 1278 2015 1337; x_wconf 89' lang='lat' dir='ltr'>Leonis</span> 
     </span>
     <span class='ocr_line' id='line_1_12' title="bbox 449 1368 1834 1447; baseline -0.001 -21"><span class='ocrx_word' id='word_1_70' title='bbox 449 1387 560 1446; x_wconf 88' lang='lat' dir='ltr'>spe</span> <span class='ocrx_word' id='word_1_71' title='bbox 587 1372 822 1427; x_wconf 88' lang='lat' dir='ltr'>nutrire</span> <span class='ocrx_word' id='word_1_72' title='bbox 849 1368 1014 1426; x_wconf 92' lang='lat' dir='ltr'>leves</span> <span class='ocrx_word' id='word_1_73' title='bbox 1040 1372 1525 1446; x_wconf 84' lang='lat' dir='ltr'>improvisusque</span> <span class='ocrx_word' id='word_1_74' title='bbox 1551 1376 1834 1447; x_wconf 86' lang='lat' dir='ltr'>repente,</span> 
     </span>
     <span class='ocr_line' id='line_1_13' title="bbox 451 1456 2028 1535; baseline -0.002 -19"><span class='ocrx_word' id='word_1_75' title='bbox 451 1456 598 1516; x_wconf 91' lang='lat' dir='ltr'>dum</span> <span class='ocrx_word' id='word_1_76' title='bbox 625 1458 910 1535; x_wconf 90' lang='lat' dir='ltr'>gravibus</span> <span class='ocrx_word' id='word_1_77' title='bbox 938 1465 1215 1516; x_wconf 85' lang='lat' dir='ltr'>marcent</span> <span class='ocrx_word' id='word_1_78' title='bbox 1243 1456 1437 1534; x_wconf 92' lang='lat' dir='ltr'>epulis</span> <span class='ocrx_word' id='word_1_79' title='bbox 1465 1456 1750 1535; x_wconf 92' lang='lat' dir='ltr'>hostique</span> <span class='ocrx_word' id='word_1_80' title='bbox 1777 1464 2028 1515; x_wconf 88' lang='lat' dir='ltr'>catenas</span> 
     </span>
     <span class='ocr_line' id='line_1_14' title="bbox 450 1545 2259 1624; baseline -0.002 -22"><span class='ocrx_word' id='word_1_81' title='bbox 450 1548 614 1603; x_wconf 87' lang='lat' dir='ltr'>inter</span> <span class='ocrx_word' id='word_1_82' title='bbox 640 1549 782 1603; x_wconf 88' lang='lat' dir='ltr'>vina</span> <span class='ocrx_word' id='word_1_83' title='bbox 807 1554 1084 1622; x_wconf 88' lang='lat' dir='ltr'>crepant,</span> <span class='ocrx_word' id='word_1_84' title='bbox 1111 1545 1283 1623; x_wconf 92' lang='lat' dir='ltr'>largo</span> <span class='ocrx_word' id='word_1_85' title='bbox 1309 1549 1511 1623; x_wconf 88' lang='lat' dir='ltr'>sopita</span> <span class='ocrx_word' id='word_1_86' title='bbox 1539 1545 1749 1624; x_wconf 88' lang='lat' dir='ltr'>Lyaeo</span> <span class='ocrx_word' id='word_1_87' title='bbox 2153 1550 2259 1599; x_wconf 85' lang='lat'>435</span> 
     </span>
     <span class='ocr_line' id='line_1_15' title="bbox 452 1630 2050 1712; baseline -0.002 -21"><span class='ocrx_word' id='word_1_88' title='bbox 452 1641 653 1691; x_wconf 86' lang='lat' dir='ltr'>castra</span> <span class='ocrx_word' id='word_1_89' title='bbox 679 1633 865 1692; x_wconf 89' lang='lat' dir='ltr'>subit.</span> <span class='ocrx_word' id='word_1_90' title='bbox 943 1641 1209 1712; x_wconf 90' lang='lat' dir='ltr'>pereunt</span> <span class='ocrx_word' id='word_1_91' title='bbox 1236 1632 1359 1703; x_wconf 88' lang='lat' dir='ltr'>alii,</span> <span class='ocrx_word' id='word_1_92' title='bbox 1387 1633 1537 1692; x_wconf 92' lang='lat' dir='ltr'>dum</span> <span class='ocrx_word' id='word_1_93' title='bbox 1561 1634 1841 1691; x_wconf 88' lang='lat' dir='ltr'>membra</span> <span class='ocrx_word' id='word_1_94' title='bbox 1867 1630 2050 1690; x_wconf 90' lang='lat' dir='ltr'>cubili</span> 
     </span>
     <span class='ocr_line' id='line_1_16' title="bbox 452 1719 1847 1800; baseline 0 -22"><span class='ocrx_word' id='word_1_95' title='bbox 452 1720 632 1779; x_wconf 88' lang='lat' dir='ltr'>tarda</span> <span class='ocrx_word' id='word_1_96' title='bbox 657 1719 868 1779; x_wconf 91' lang='lat' dir='ltr'>levant</span> <span class='ocrx_word' id='word_1_97' title='bbox 893 1739 909 1789; x_wconf 89' lang='lat'>;</span> <span class='ocrx_word' id='word_1_98' title='bbox 959 1720 1059 1778; x_wconf 87' lang='lat' dir='ltr'>alii</span> <span class='ocrx_word' id='word_1_99' title='bbox 1086 1719 1213 1780; x_wconf 89' lang='lat' dir='ltr'>leto</span> <span class='ocrx_word' id='word_1_100' title='bbox 1238 1724 1497 1779; x_wconf 85' lang='lat' dir='ltr'>iunxere</span> <span class='ocrx_word' id='word_1_101' title='bbox 1525 1741 1806 1800; x_wconf 89' lang='lat' dir='ltr'>soporem</span> <span class='ocrx_word' id='word_1_102' title='bbox 1832 1739 1847 1790; x_wconf 92' lang='lat'>;</span> 
     </span>
     <span class='ocr_line' id='line_1_17' title="bbox 455 1807 1785 1885; baseline 0.001 -19"><span class='ocrx_word' id='word_1_103' title='bbox 455 1816 553 1866; x_wconf 87' lang='lat' dir='ltr'>ast</span> <span class='ocrx_word' id='word_1_104' title='bbox 580 1807 726 1866; x_wconf 88' lang='lat' dir='ltr'>alios</span> <span class='ocrx_word' id='word_1_105' title='bbox 753 1811 952 1866; x_wconf 87' lang='lat' dir='ltr'>vicina</span> <span class='ocrx_word' id='word_1_106' title='bbox 976 1807 1152 1885; x_wconf 88' lang='lat' dir='ltr'>palus</span> <span class='ocrx_word' id='word_1_107' title='bbox 1178 1812 1310 1866; x_wconf 93' lang='lat' dir='ltr'>sine</span> <span class='ocrx_word' id='word_1_108' title='bbox 1338 1829 1507 1867; x_wconf 92' lang='lat' dir='ltr'>more</span> <span class='ocrx_word' id='word_1_109' title='bbox 1533 1819 1785 1868; x_wconf 85' lang='lat' dir='ltr'>ruentes</span> 
     </span>
     <span class='ocr_line' id='line_1_18' title="bbox 457 1897 1967 1979; baseline 0.001 -24"><span class='ocrx_word' id='word_1_110' title='bbox 457 1901 688 1976; x_wconf 88' lang='lat' dir='ltr'>excipit</span> <span class='ocrx_word' id='word_1_111' title='bbox 716 1906 782 1955; x_wconf 91' lang='lat' dir='ltr'>et</span> <span class='ocrx_word' id='word_1_112' title='bbox 808 1897 1064 1955; x_wconf 92' lang='lat' dir='ltr'>cumulis</span> <span class='ocrx_word' id='word_1_113' title='bbox 1089 1900 1436 1958; x_wconf 88' lang='lat' dir='ltr'>inmanibus</span> <span class='ocrx_word' id='word_1_114' title='bbox 1465 1908 1724 1979; x_wconf 89' lang='lat' dir='ltr'>aggerat</span> <span class='ocrx_word' id='word_1_115' title='bbox 1750 1899 1967 1958; x_wconf 77' lang='lat' dir='ltr'>undas,</span> 
     </span>
     <span class='ocr_line' id='line_1_19' title="bbox 454 1986 2262 2068; baseline 0 -24"><span class='ocrx_word' id='word_1_116' title='bbox 454 1992 588 2065; x_wconf 91' lang='lat' dir='ltr'>ipse</span> <span class='ocrx_word' id='word_1_117' title='bbox 618 1987 747 2045; x_wconf 94' lang='lat' dir='ltr'>Leo</span> <span class='ocrx_word' id='word_1_118' title='bbox 774 1986 1021 2045; x_wconf 88' lang='lat' dir='ltr'>damma</span> <span class='ocrx_word' id='word_1_119' title='bbox 1047 2007 1350 2066; x_wconf 87' lang='lat' dir='ltr'>cervoque</span> <span class='ocrx_word' id='word_1_120' title='bbox 1376 1988 1651 2068; x_wconf 88' lang='lat' dir='ltr'>fugacior</span> <span class='ocrx_word' id='word_1_121' title='bbox 1675 1990 1810 2048; x_wconf 89' lang='lat' dir='ltr'>ibat</span> <span class='ocrx_word' id='word_1_122' title='bbox 2158 1995 2262 2044; x_wconf 84' lang='lat'>440</span> 
     </span>
     <span class='ocr_line' id='line_1_20' title="bbox 458 2075 2219 2156; baseline -0.001 -22"><span class='ocrx_word' id='word_1_123' title='bbox 458 2075 706 2134; x_wconf 88' lang='lat' dir='ltr'>sudanti</span> <span class='ocrx_word' id='word_1_124' title='bbox 733 2076 1175 2135; x_wconf 85' lang='lat' dir='ltr'>tremebundus</span> <span class='ocrx_word' id='word_1_125' title='bbox 1205 2096 1365 2154; x_wconf 92' lang='lat' dir='ltr'>equo</span> <span class='ocrx_word' id='word_1_126' title='bbox 1394 2098 1408 2136; x_wconf 71' lang='grc' dir='ltr'>ε</span> <span class='ocrx_word' id='word_1_127' title='bbox 1457 2081 1562 2156; x_wconf 88' lang='lat' dir='ltr'>qui</span> <span class='ocrx_word' id='word_1_128' title='bbox 1587 2078 1862 2155; x_wconf 86' lang='lat' dir='ltr'>pondere</span> <span class='ocrx_word' id='word_1_129' title='bbox 1887 2083 2219 2154; x_wconf 85' lang='lat' dir='ltr'>postquam</span> 
     </span>
     <span class='ocr_line' id='line_1_21' title="bbox 458 2163 1870 2244; baseline 0.001 -22"><span class='ocrx_word' id='word_1_130' title='bbox 458 2163 710 2234; x_wconf 87' lang='lat' dir='ltr'>decidit,</span> <span class='ocrx_word' id='word_1_131' title='bbox 735 2163 1065 2243; x_wconf 84' lang='lat' dir='ltr'>implicitus</span> <span class='ocrx_word' id='word_1_132' title='bbox 1091 2164 1236 2224; x_wconf 92' lang='lat' dir='ltr'>limo</span> <span class='ocrx_word' id='word_1_133' title='bbox 1264 2169 1617 2225; x_wconf 84' lang='lat' dir='ltr'>cunctantia</span> <span class='ocrx_word' id='word_1_134' title='bbox 1643 2186 1870 2244; x_wconf 88' lang='lat' dir='ltr'>pronus</span> 
     </span>
     <span class='ocr_line' id='line_1_22' title="bbox 457 2252 1878 2330; baseline 0.004 -22"><span class='ocrx_word' id='word_1_135' title='bbox 457 2271 569 2329; x_wconf 92' lang='lat' dir='ltr'>per</span> <span class='ocrx_word' id='word_1_136' title='bbox 594 2252 754 2311; x_wconf 87' lang='lat' dir='ltr'>vada</span> <span class='ocrx_word' id='word_1_137' title='bbox 778 2253 1089 2330; x_wconf 88' lang='lat' dir='ltr'>reptabat.</span> <span class='ocrx_word' id='word_1_138' title='bbox 1168 2273 1360 2313; x_wconf 89' lang='lat' dir='ltr'>caeno</span> <span class='ocrx_word' id='word_1_139' title='bbox 1387 2255 1648 2313; x_wconf 89' lang='lat' dir='ltr'>subnixa</span> <span class='ocrx_word' id='word_1_140' title='bbox 1673 2258 1878 2313; x_wconf 90' lang='lat' dir='ltr'>tenaci</span> 
     </span>
     <span class='ocr_line' id='line_1_23' title="bbox 460 2341 1881 2420; baseline 0.001 -22"><span class='ocrx_word' id='word_1_141' title='bbox 460 2343 761 2418; x_wconf 88' lang='lat' dir='ltr'>mergitur</span> <span class='ocrx_word' id='word_1_142' title='bbox 788 2348 855 2399; x_wconf 89' lang='lat' dir='ltr'>et</span> <span class='ocrx_word' id='word_1_143' title='bbox 878 2343 1093 2419; x_wconf 90' lang='lat' dir='ltr'>pingui</span> <span class='ocrx_word' id='word_1_144' title='bbox 1121 2344 1386 2419; x_wconf 88' lang='lat' dir='ltr'>suspirat</span> <span class='ocrx_word' id='word_1_145' title='bbox 1412 2362 1663 2420; x_wconf 92' lang='lat' dir='ltr'>corpore</span> <span class='ocrx_word' id='word_1_146' title='bbox 1689 2341 1881 2400; x_wconf 92' lang='lat' dir='ltr'>moles</span> 
     </span>
     <span class='ocr_line' id='line_1_24' title="bbox 461 2428 2266 2507; baseline -0.001 -20"><span class='ocrx_word' id='word_1_147' title='bbox 461 2447 630 2487; x_wconf 90' lang='lat' dir='ltr'>more</span> <span class='ocrx_word' id='word_1_148' title='bbox 658 2431 802 2499; x_wconf 85' lang='lat' dir='ltr'>suiS,</span> <span class='ocrx_word' id='word_1_149' title='bbox 829 2428 1088 2506; x_wconf 89' lang='lat' dir='ltr'>dapibus</span> <span class='ocrx_word' id='word_1_150' title='bbox 1117 2449 1278 2507; x_wconf 87' lang='lat' dir='ltr'>quae</span> <span class='ocrx_word' id='word_1_151' title='bbox 1304 2433 1429 2488; x_wconf 90' lang='lat' dir='ltr'>iam</span> <span class='ocrx_word' id='word_1_152' title='bbox 1455 2430 1682 2490; x_wconf 88' lang='lat' dir='ltr'>devota</span> <span class='ocrx_word' id='word_1_153' title='bbox 1705 2430 1929 2490; x_wconf 88' lang='lat' dir='ltr'>futuris</span> <span class='ocrx_word' id='word_1_154' title='bbox 2161 2438 2266 2485; x_wconf 82' lang='lat'>445</span> 
     </span>
     <span class='ocr_line' id='line_1_25' title="bbox 460 2517 2043 2595; baseline 0.003 -22"><span class='ocrx_word' id='word_1_155' title='bbox 460 2523 644 2594; x_wconf 87' lang='lat' dir='ltr'>turpe</span> <span class='ocrx_word' id='word_1_156' title='bbox 670 2520 887 2595; x_wconf 91' lang='lat' dir='ltr'>gemit,</span> <span class='ocrx_word' id='word_1_157' title='bbox 917 2521 1201 2594; x_wconf 89' lang='lat' dir='ltr'>quotiens</span> <span class='ocrx_word' id='word_1_158' title='bbox 1229 2517 1453 2577; x_wconf 92' lang='lat' dir='ltr'>Hosius</span> <span class='ocrx_word' id='word_1_159' title='bbox 1479 2539 1768 2578; x_wconf 88' lang='lat' dir='ltr'>mucrone</span> <span class='ocrx_word' id='word_1_160' title='bbox 1796 2539 2043 2579; x_wconf 88' lang='lat' dir='ltr'>corusco</span> 
     </span>
     <span class='ocr_line' id='line_1_26' title="bbox 464 2609 1916 2686; baseline 0.004 -23"><span class='ocrx_word' id='word_1_161' title='bbox 464 2613 736 2664; x_wconf 87' lang='lat' dir='ltr'>armatur</span> <span class='ocrx_word' id='word_1_162' title='bbox 762 2609 1078 2684; x_wconf 82' lang='lat' dir='ltr'>cingitque</span> <span class='ocrx_word' id='word_1_163' title='bbox 1104 2610 1270 2665; x_wconf 91' lang='lat' dir='ltr'>sinus</span> <span class='ocrx_word' id='word_1_164' title='bbox 1298 2626 1629 2686; x_wconf 89' lang='lat' dir='ltr'>secumque</span> <span class='ocrx_word' id='word_1_165' title='bbox 1656 2610 1916 2681; x_wconf 90' lang='lat' dir='ltr'>volutat,</span> 
     </span>
     <span class='ocr_line' id='line_1_27' title="bbox 463 2692 2008 2773; baseline 0.005 -23"><span class='ocrx_word' id='word_1_166' title='bbox 463 2713 615 2771; x_wconf 88' lang='lat' dir='ltr'>quas</span> <span class='ocrx_word' id='word_1_167' title='bbox 643 2692 797 2772; x_wconf 91' lang='lat' dir='ltr'>figat</span> <span class='ocrx_word' id='word_1_168' title='bbox 822 2694 1086 2752; x_wconf 90' lang='lat' dir='ltr'>verubus</span> <span class='ocrx_word' id='word_1_169' title='bbox 1112 2702 1344 2771; x_wconf 85' lang='lat' dir='ltr'>partes,</span> <span class='ocrx_word' id='word_1_170' title='bbox 1373 2715 1533 2773; x_wconf 91' lang='lat' dir='ltr'>quae</span> <span class='ocrx_word' id='word_1_171' title='bbox 1558 2695 1755 2756; x_wconf 84' lang='lat' dir='ltr'>frusta</span> <span class='ocrx_word' id='word_1_172' title='bbox 1781 2698 2008 2759; x_wconf 90' lang='lat' dir='ltr'>calenti</span> 
     </span>
    </p>
   </div>
   <div class='ocr_carea' id='block_1_4' title="bbox 463 2885 2277 3089">
    <p class='ocr_par' dir='ltr' id='par_1_5' title="bbox 463 2885 2277 3089">
     <span class='ocr_line' id='line_1_28' title="bbox 532 2885 2273 2954; baseline 0.009 -20"><span class='ocrx_word' id='word_1_173' title='bbox 532 2886 552 2917; x_wconf 83' lang='lat'>²</span> <span class='ocrx_word' id='word_1_174' title='bbox 587 2886 702 2936; x_wconf 90' lang='lat' dir='ltr'><strong>&#39;I’he</strong></span> <span class='ocrx_word' id='word_1_175' title='bbox 725 2886 947 2936; x_wconf 78' lang='lat' dir='ltr'>balaena</span> <span class='ocrx_word' id='word_1_176' title='bbox 970 2902 1029 2936; x_wconf 87' lang='lat' dir='ltr'>or</span> <span class='ocrx_word' id='word_1_177' title='bbox 1053 2885 1242 2937; x_wconf 87' lang='lat' dir='ltr'>whale.</span> <span class='ocrx_word' id='word_1_178' title='bbox 1314 2887 1622 2954; x_wconf 84' lang='lat' dir='ltr'>According</span> <span class='ocrx_word' id='word_1_179' title='bbox 1643 2895 1700 2941; x_wconf 85' lang='lat' dir='ltr'>to</span> <span class='ocrx_word' id='word_1_180' title='bbox 1723 2894 1937 2944; x_wconf 86' lang='lat' dir='ltr'>ancient</span> <span class='ocrx_word' id='word_1_181' title='bbox 1960 2896 2273 2949; x_wconf 85' lang='lat' dir='ltr'>naturalists</span> 
     </span>
     <span class='ocr_line' id='line_1_29' title="bbox 465 2950 2277 3015; baseline 0.007 -12"><span class='ocrx_word' id='word_1_182' title='bbox 465 2951 557 3003; x_wconf 85' lang='lat' dir='ltr'>the</span> <span class='ocrx_word' id='word_1_183' title='bbox 592 2952 813 3002; x_wconf 75' lang='lat' dir='ltr'>balaena</span> <span class='ocrx_word' id='word_1_184' title='bbox 848 2950 1063 3002; x_wconf 86' lang='lat' dir='ltr'>entered</span> <span class='ocrx_word' id='word_1_185' title='bbox 1099 2954 1213 3002; x_wconf 85' lang='lat' dir='ltr'>into</span> <span class='ocrx_word' id='word_1_186' title='bbox 1248 2968 1320 3002; x_wconf 89' lang='lat' dir='ltr'>an</span> <span class='ocrx_word' id='word_1_187' title='bbox 1355 2953 1580 3005; x_wconf 85' lang='lat' dir='ltr'>alliance</span> <span class='ocrx_word' id='word_1_188' title='bbox 1615 2956 1743 3006; x_wconf 86' lang='lat' dir='ltr'>with</span> <span class='ocrx_word' id='word_1_189' title='bbox 1778 2957 1870 3009; x_wconf 84' lang='lat' dir='ltr'>the</span> <span class='ocrx_word' id='word_1_190' title='bbox 1904 2962 2176 3013; x_wconf 70' lang='lat' dir='ltr'>musculus</span> <span class='ocrx_word' id='word_1_191' title='bbox 2214 2980 2277 3015; x_wconf 89' lang='lat' dir='ltr'>or</span> 
     </span>
     <span class='ocr_line' id='line_1_30' title="bbox 463 3015 2274 3089; baseline 0.006 -21"><span class='ocrx_word' id='word_1_192' title='bbox 463 3033 765 3068; x_wconf 85' lang='lat' dir='ltr'>sea-mouse</span> <span class='ocrx_word' id='word_1_193' title='bbox 821 3015 1012 3076; x_wconf 87' lang='lat' dir='ltr'>which,</span> <span class='ocrx_word' id='word_1_194' title='bbox 1071 3020 1127 3067; x_wconf 90' lang='lat' dir='ltr'>in</span> <span class='ocrx_word' id='word_1_195' title='bbox 1185 3017 1389 3082; x_wconf 88' lang='lat' dir='ltr'>Pliny’s</span> <span class='ocrx_word' id='word_1_196' title='bbox 1445 3019 1637 3081; x_wconf 81' lang='lat' dir='ltr'>wordS‚</span> <span class='ocrx_word' id='word_1_197' title='bbox 1696 3021 1727 3043; x_wconf 91' lang='lat'>“</span> <span class='ocrx_word' id='word_1_198' title='bbox 1749 3022 1891 3075; x_wconf 86' lang='lat' dir='ltr'>vada</span> <span class='ocrx_word' id='word_1_199' title='bbox 1945 3032 2274 3089; x_wconf 85' lang='lat' dir='ltr'>praenatans</span> 
     </span>
    </p>
   </div>
   <div class='ocr_carea' id='block_1_5' title="bbox 465 3080 2271 3211">
    <p class='ocr_par' dir='ltr' id='par_1_6' title="bbox 465 3080 2271 3211">
     <span class='ocr_line' id='line_1_31' title="bbox 465 3080 2271 3211; baseline 0.008 -79"><span class='ocrx_word' id='word_1_200' title='bbox 465 3082 799 3211; x_wconf 52' lang='lat' dir='ltr'>‹ligffionstrat</span> <span class='ocrx_word' id='word_1_201' title='bbox 841 3080 1228 3147; x_wconf 88' lang='lat' dir='ltr'>oculorumque</span> <span class='ocrx_word' id='word_1_202' title='bbox 1265 3086 1381 3135; x_wconf 85' lang='lat' dir='ltr'>vice</span> <span class='ocrx_word' id='word_1_203' title='bbox 1422 3084 1667 3150; x_wconf 84' lang='lat' dir='ltr'>fungitur</span> <span class='ocrx_word' id='word_1_204' title='bbox 1682 3087 1715 3109; x_wconf 90' lang='lat'>”</span> <span class='ocrx_word' id='word_1_205' title='bbox 1761 3087 1964 3154; x_wconf 88' lang='lat' dir='ltr'>(Pliny,</span> <span class='ocrx_word' id='word_1_206' title='bbox 2009 3092 2158 3145; x_wconf 87' lang='lat' dir='ltr'><strong><em>H.N.</em></strong></span> <span class='ocrx_word' id='word_1_207' title='bbox 2199 3096 2271 3147; x_wconf 83' lang='lat' dir='ltr'>ix.</span> 
     </span>
    </p>
   </div>
   <div class='ocr_carea' id='block_1_6' title="bbox 466 3225 583 3284">
    <p class='ocr_par' dir='ltr' id='par_1_7' title="bbox 466 3225 583 3284">
     <span class='ocr_line' id='line_1_32' title="bbox 466 3225 583 3284; baseline 0.017 -2"><span class='ocrx_word' id='word_1_208' title='bbox 466 3225 583 3284; x_wconf 78' lang='lat'>216</span> 
     </span>
    </p>
   </div>
  </div>
 </body>
</html>
