2511 3938
1156 319 1603 379 CLAUDIAN

478 480 836 540 aedificetur
866 500 1047 558 apex,
1077 480 1325 558 qualem
1353 501 1477 539 non
1508 479 1707 559 Lydia
1735 480 1904 539 dives
2182 489 2288 538 215

479 585 679 640 erexit
708 581 919 660 Pelopi
945 601 1062 640 nec
1090 601 1278 660 quem
1305 590 1586 640 struxere
1616 581 1827 661 Lyaeo

479 683 772 741 Indorum
799 681 1002 761 spoliis
1031 691 1097 741 et
1124 703 1316 761 opaco
1342 682 1597 761 palmite
1624 683 1923 742 Bacchae.

475 783 596 842 illic
627 788 876 843 exuvias
905 804 1117 842 omnes
1146 783 1457 842 cumulate
1484 793 1814 862 parentum
1842 805 1856 842 z

478 886 780 965 quidquid
807 907 955 945 avus
984 890 1185 945 senior
1216 886 1440 944 Mauro
1468 886 1567 945 vel
1594 886 1836 945 Saxone
1864 890 2062 956 victiS,

480 987 779 1066 quidquid
797 989 876 1047 ab
892 990 1227 1046 innumeris
1246 991 1408 1045 socio
1427 986 1757 1046 Stilichone
1776 988 2134 1046 tremendus
2180 996 2284 1047 220

479 1092 782 1166 quaesivit
813 1093 1058 1168 genitor
1087 1088 1285 1159 bellis,
1318 1088 1748 1167 quodcumque
1782 1088 2051 1148 Gelonus

480 1191 885 1250 Armeniusve
914 1191 1089 1251 dedit
1114 1209 1130 1261 3
1180 1199 1484 1269 quantum
1511 1194 1730 1249 crinita
1756 1194 1998 1269 sagittis

481 1290 694 1350 attulit
724 1300 1003 1350 extremo
1036 1291 1255 1351 Meroe
1286 1290 1637 1350 circumflua
1667 1291 1805 1350 Nilo
1832 1311 1848 1361 3

479 1396 646 1451 misit
674 1393 1092 1452 Achaemenio
1122 1393 1420 1471 quidquid
1449 1392 1528 1452 de
1556 1393 1805 1471 Tigride
1837 1394 2084 1464 MeduS,

479 1514 620 1552 cum
650 1494 910 1573 supplex
943 1503 1181 1553 emeret
1212 1494 1554 1553 Romanam
1586 1494 1836 1554 Parthia
1864 1516 2102 1574 pacem.
2182 1506 2286 1554 225

477 1595 780 1655 nobilibus
809 1600 975 1675 gazis
1003 1597 1345 1674 opibusque
1374 1595 1595 1655 cubilia
1623 1606 1879 1676 surgant

477 1699 806 1758 barbaricis
834 1718 849 1769 3
901 1718 1114 1757 omnes
1145 1697 1418 1757 thalamo
1449 1698 1726 1758 conferte
1756 1700 2162 1779 triumph08.'’

555 1798 651 1857 Sic
680 1802 769 1858 ait
796 1807 863 1857 et
889 1819 1148 1876 sponsae
1175 1802 1340 1876 petit
1364 1802 1692 1877 improvisa
1717 1810 1999 1878 penates,

475 1897 580 1957 illa
608 1907 819 1957 autem
847 1919 1062 1957 secura
1089 1901 1209 1958 tori
1235 1899 1577 1979 taedasque
1605 1903 1807 1979 parari

479 2006 683 2060 nescia
709 2003 952 2062 divinae
977 2001 1202 2061 fruitur
1227 2023 1509 2061 sermone
1534 2007 1808 2081 parentis
2181 2014 2286 2065 230

476 2113 912 2183 maternosque
932 2106 1093 2164 bibit
1112 2125 1312 2164 mores
1336 2105 1743 2184 exemplaque
1764 2107 1944 2167 discit

475 2210 674 2285 prisca
699 2207 1033 2285 pudicitiae
1064 2207 1274 2265 Latios
1300 2226 1416 2265 nec
1443 2207 1684 2266 volvere
1710 2206 1893 2267 libros

478 2308 707 2368 desinit
734 2318 844 2368 aut
871 2308 1109 2379 GraiOS,
1134 2312 1269 2387 ipsa
1294 2313 1611 2388 genetrice
1639 2314 1954 2389 magistra,

482 2410 806 2470 Maeonius
837 2430 1264 2490 quaecumque
1294 2431 1485 2470 senex
1515 2420 1625 2470 aut
1651 2412 1942 2472 Thracius
1973 2414 2259 2494 Orpheus

479 2522 591 2572 aut
625 2512 1010 2593 Mytilenaeo
1042 2512 1394 2572 modulatur
1424 2518 1672 2591 pectine
1706 2514 1953 2594 Sappho
2182 2527 2287 2576 235

478 2614 590 2692 (sic
616 2614 883 2672 Triviam
914 2613 1156 2672 Latona
1183 2623 1397 2673 monet
1423 2633 1438 2684 3
1488 2618 1572 2673 sic
1601 2619 1766 2675 mitis
1792 2620 1857 2674 in
1888 2627 2064 2677 antro

484 2715 894 2796 Mnemosyne
927 2715 1106 2775 docili
1136 2718 1330 2776 tradit
1358 2727 1693 2796 praecepta
1722 2718 1999 2800 Thaliae)
2028 2741 2042 2779 ε

480 2838 622 2877 cum
647 2818 857 2896 procul
886 2822 1099 2897 augeri
1125 2822 1289 2878 nitor
1317 2828 1383 2877 et
1408 2821 1727 2879 iucundior
1753 2827 1862 2880 aer

481 2921 814 2978 attonitam
841 2918 1102 2978 lustrare
1131 2920 1384 2979 domum
1412 2919 1710 2999 fundique
1739 2943 2051 2982 comarum

480 3029 693 3099 gratus
718 3020 886 3079 odor.
967 3041 1108 3079 mox
1134 3042 1279 3079 vera
1303 3021 1453 3080 fides
1475 3043 1830 3101 numenque
1853 3024 2112 3084 refulsit.
2184 3036 2289 3089 240

481 3131 807 3182 cunctatur
836 3122 1186 3204 stupefacta
1215 3124 1462 3193 Venus3
1503 3146 1664 3185 nunc
1694 3147 1801 3185 ora
1828 3127 2092 3205 puellae,

486 3275 600 3326 258
