2511 3938
1141 324 1589 385 CLAUDIAN

463 500 624 539 nunc
647 482 978 541 inhonorus
1007 503 1196 562 egens
1221 483 1461 562 perfert
1486 484 1832 543 miserabile
1857 487 2024 562 pacis

462 574 826 652 supplicium
852 577 1141 655 nulloque
1167 577 1375 656 palam
1401 579 1809 638 circumdatus
1837 579 2015 637 hoste
2169 586 2266 635 100

462 668 692 726 obsessi
718 670 1043 729 discrimen
1069 671 1282 730 habet.
1360 691 1473 749 per
1499 672 1737 751 singula
1763 672 1958 731 letum

459 763 783 841 impendet
807 774 1126 824 momenta
1150 767 1303 825 mihi
1329 767 1794 845 dubitandaque
1819 769 2000 845 pauci

459 860 887 934 praescribunt
914 861 1209 921 alimenta
1236 863 1388 921 dies.
1468 861 1591 920 heu
1616 880 1909 940 prospera
1933 858 2105 918 fata
2094 860 2105 901 ¹

462 951 610 1028 quid
635 953 785 1011 mihi
809 963 1099 1032 septenos
1125 965 1369 1015 montes
1396 956 1767 1034 turbamque
1794 955 2071 1024 dedistis,

463 1064 622 1122 quae
647 1068 837 1125 parvo
862 1069 987 1108 non
1011 1054 1206 1128 possit
1233 1051 1314 1109 ali
1339 1052 1362 1109 ?
1443 1050 1675 1109 felicior
1701 1069 1900 1109 essem
2169 1056 2265 1105 105

461 1147 736 1221 angustis
764 1145 981 1222 opibus
1008 1164 1023 1215 ;
1072 1145 1321 1204 mallem
1347 1146 1611 1204 tolerare
1639 1145 1894 1204 Sabinos

462 1245 528 1294 et
555 1236 738 1296 Veios
763 1257 779 1309 ;
827 1239 1069 1298 brevior
1095 1240 1244 1299 duxi
1272 1244 1539 1298 securius
1568 1259 1810 1298 aevum.

457 1334 592 1409 ipsa
618 1342 802 1392 nocet
827 1334 1040 1394 moles.
1120 1339 1359 1393 utinam
1385 1354 1662 1393 remeare
1688 1334 1904 1392 liceret

460 1425 541 1484 ad
566 1436 808 1486 veteres
836 1427 988 1487 fines
1018 1438 1084 1487 et
1109 1432 1355 1487 moenia
1378 1432 1667 1507 pauperis
1696 1427 1873 1485 Anci.
2021 1480 2050 1517 ι

457 1519 806 1580 sufficerent
832 1523 1092 1581 Etrusca
1116 1522 1267 1580 mihi
1294 1522 1732 1600 Campanaque
1759 1520 1926 1579 culta
2165 1528 2262 1577 110

459 1624 525 1673 et
554 1614 804 1688 Quincti
834 1616 1121 1695 Curiique
1149 1636 1350 1695 segeS,
1376 1619 1742 1694 patriaeque
1768 1618 2013 1694 petenti

456 1713 716 1771 rusticus
741 1708 1000 1769 inferret
1024 1715 1300 1789 proprias
1328 1712 1593 1770 dictator
1619 1715 1859 1770 aristas,

537 1811 575 1839 “
601 1803 777 1862 Nunc
817 1804 966 1882 quid
999 1805 1225 1883 agam?
1309 1804 1570 1884 Libyam
1605 1805 1788 1864 Gildo
1827 1812 2028 1875 tenet,
2063 1804 2261 1863 altera

690 1898 918 1957 Nilum.

456 2001 554 2052 ast
581 2013 719 2072 ege,
747 2014 907 2072 quae
934 2003 1130 2054 terras
1158 2000 1384 2055 umeris
1409 2005 1795 2075 pontumque
1823 1996 2061 2074 subegi,

457 2086 704 2147 deseror
731 2109 745 2147 :
795 2094 1092 2149 emeritae
1118 2095 1243 2149 iam
1268 2096 1543 2169 praemia
1568 2091 1733 2150 nulla
1760 2100 2069 2150 senectae.
2159 2099 2255 2147 115

455 2184 541 2254 di,
567 2185 787 2262 quibus
812 2188 983 2244 iratis
1009 2190 1193 2257 crevi,
1219 2190 1552 2245 succurrite
1578 2185 1856 2255 tandem,

457 2283 709 2333 exorate
734 2284 978 2353 patrem
1005 2296 1020 2346 ;
1068 2285 1264 2355 tuque
1292 2298 1328 2335 0
1356 2281 1405 2335 si
1432 2285 1652 2355 sponte
1678 2295 1791 2355 per
1817 2275 2011 2334 altum

454 2373 632 2423 vecta
661 2364 952 2425 Palatinis
978 2371 1234 2425 mutasti
1261 2367 1511 2425 collibus
1540 2366 1717 2425 Idam

450 2455 851 2533 praelatoque
877 2456 1043 2515 lavas
1072 2456 1368 2535 Phrygios
1396 2456 1658 2515 Almone
1683 2455 1914 2524 leoneS,

452 2550 744 2604 maternis
768 2547 1051 2624 precibus
1078 2555 1296 2605 natum
1321 2550 1445 2606 iam
1470 2544 1675 2616 flecte,
1703 2545 1976 2625 Cybebe.
2155 2553 2252 2603 120

449 2640 542 2693 sin
566 2636 898 2715 prohibent
926 2636 1152 2695 Parcae
1177 2635 1469 2715 falsisque
1498 2636 1666 2694 elusa
1691 2643 1966 2693 vetustas

452 2730 752 2804 auspiciiS,
780 2727 897 2786 alio
924 2727 1144 2786 saltem
1168 2730 1541 2805 prosternite
1567 2746 1711 2784 casu

452 2826 517 2875 et
542 2837 781 2895 poenae
808 2826 1050 2876 mutate
1077 2837 1294 2896 genUS.
1373 2815 1684 2874 Porsenna
1708 2815 1964 2874 reducat

450 2910 807 2987 Tarquinios
835 2928 850 2978 3
897 2917 1153 2967 renovet
1178 2906 1400 2965 ferales
1429 2905 1590 2964 Allia
1614 2926 1854 2984 pugnas
1882 2924 1897 2974 ;

452 3019 552 3058 me
577 3003 783 3077 potius
810 3004 976 3058 saevi
1001 2998 1283 3057 manibus
1309 2999 1654 3074 permittite
1685 2994 1921 3075 Pyrrhi,
2154 3003 2251 3052 125

761 3120 781 3151 ¹
815 3117 1104 3170 Doubtless
1127 3134 1160 3168 a
1183 3116 1451 3168 reference
1472 3119 1530 3166 to
1555 3113 1924 3165 Cincinnatus,

566 3185 587 3215 ²
622 3184 886 3236 Claudian
912 3200 1097 3236 means
1121 3183 1198 3248 by
1221 3188 1255 3212 ‘⁶
1271 3183 1444 3234 altera
1460 3180 1493 3202 ”
1516 3180 1609 3231 the
1633 3180 1860 3231 Eastern
1885 3179 2122 3245 Empire.

460 3262 572 3322 106
