<?xml version="1.0" encoding="UTF-8"?>
<!DOCTYPE html PUBLIC "-//W3C//DTD XHTML 1.0 Transitional//EN"
    "http://www.w3.org/TR/xhtml1/DTD/xhtml1-transitional.dtd">
<html xmlns="http://www.w3.org/1999/xhtml" xml:lang="en" lang="en">
 <head>
  <title>
</title>
<meta http-equiv="Content-Type" content="text/html;charset=utf-8" />
  <meta name='ocr-system' content='tesseract 3.04.00' />
  <meta name='ocr-capabilities' content='ocr_page ocr_carea ocr_par ocr_line ocrx_word'/>
</head>
<body>
  <div class='ocr_page' id='page_1' title='image "./claudianvolume00claugoog_0340.png"; bbox 0 0 2511 3938; ppageno 0'>
   <div class='ocr_carea' id='block_1_1' title="bbox 1173 339 1621 399">
    <p class='ocr_par' dir='ltr' id='par_1_1' title="bbox 1173 339 1621 399">
     <span class='ocr_line' id='line_1_1' title="bbox 1173 339 1621 399; baseline 0 -1"><span class='ocrx_word' id='word_1_1' title='bbox 1173 339 1621 399; x_wconf 93' lang='lat' dir='ltr'><strong>CLAUDIAN</strong></span> 
     </span>
    </p>
   </div>
   <div class='ocr_carea' id='block_1_2' title="bbox 496 501 2324 3031">
    <p class='ocr_par' dir='ltr' id='par_1_2' title="bbox 496 501 2324 3031">
     <span class='ocr_line' id='line_1_2' title="bbox 497 501 1868 580; baseline -0.001 -20"><span class='ocrx_word' id='word_1_2' title='bbox 497 505 720 560; x_wconf 86' lang='lat' dir='ltr'><strong>muniti</strong></span> <span class='ocrx_word' id='word_1_3' title='bbox 750 501 968 580; x_wconf 85' lang='lat' dir='ltr'><strong>gladiis</strong></span> <span class='ocrx_word' id='word_1_4' title='bbox 999 504 1210 559; x_wconf 86' lang='lat' dir='ltr'><strong>vivant</strong></span> <span class='ocrx_word' id='word_1_5' title='bbox 1239 504 1565 579; x_wconf 80' lang='lat' dir='ltr'><strong>saeptique</strong></span> <span class='ocrx_word' id='word_1_6' title='bbox 1594 504 1868 571; x_wconf 84' lang='lat' dir='ltr'><strong>veneniS,</strong></span> 
     </span>
     <span class='ocr_line' id='line_1_3' title="bbox 499 594 2066 675; baseline -0.001 -20"><span class='ocrx_word' id='word_1_7' title='bbox 499 600 797 675; x_wconf 82' lang='lat' dir='ltr'><strong>ancipites</strong></span> <span class='ocrx_word' id='word_1_8' title='bbox 827 595 1101 654; x_wconf 79' lang='lat' dir='ltr'>habeant</span> <span class='ocrx_word' id='word_1_9' title='bbox 1131 615 1301 653; x_wconf 89' lang='lat' dir='ltr'><strong>arces</strong></span> <span class='ocrx_word' id='word_1_10' title='bbox 1331 594 1682 673; x_wconf 85' lang='lat' dir='ltr'><strong>trepidique</strong></span> <span class='ocrx_word' id='word_1_11' title='bbox 1712 598 2026 653; x_wconf 81' lang='lat' dir='ltr'><strong>minentur</strong></span> <span class='ocrx_word' id='word_1_12' title='bbox 2052 615 2066 653; x_wconf 77' lang='lat' dir='ltr'>t</span> 
     </span>
     <span class='ocr_line' id='line_1_4' title="bbox 496 689 2076 769; baseline -0.002 -19"><span class='ocrx_word' id='word_1_13' title='bbox 496 698 568 750; x_wconf 93' lang='lat' dir='ltr'><strong>tu</strong></span> <span class='ocrx_word' id='word_1_14' title='bbox 596 695 792 750; x_wconf 89' lang='lat' dir='ltr'><strong>civem</strong></span> <span class='ocrx_word' id='word_1_15' title='bbox 818 699 1188 769; x_wconf 87' lang='lat' dir='ltr'><strong>patremque</strong></span> <span class='ocrx_word' id='word_1_16' title='bbox 1215 709 1417 769; x_wconf 83' lang='lat' dir='ltr'><strong>geraS,</strong></span> <span class='ocrx_word' id='word_1_17' title='bbox 1445 698 1517 748; x_wconf 93' lang='lat' dir='ltr'><strong>tu</strong></span> <span class='ocrx_word' id='word_1_18' title='bbox 1545 689 1792 748; x_wconf 92' lang='lat' dir='ltr'><strong>consule</strong></span> <span class='ocrx_word' id='word_1_19' title='bbox 1821 694 2076 760; x_wconf 87' lang='lat' dir='ltr'><strong>cunctis,</strong></span> 
     </span>
     <span class='ocr_line' id='line_1_5' title="bbox 496 784 2299 862; baseline -0.001 -18"><span class='ocrx_word' id='word_1_20' title='bbox 496 806 619 845; x_wconf 92' lang='lat' dir='ltr'><strong>non</strong></span> <span class='ocrx_word' id='word_1_21' title='bbox 645 786 781 855; x_wconf 88' lang='lat' dir='ltr'><strong>tibi,</strong></span> <span class='ocrx_word' id='word_1_22' title='bbox 807 805 923 843; x_wconf 89' lang='lat' dir='ltr'><strong>nec</strong></span> <span class='ocrx_word' id='word_1_23' title='bbox 950 794 1060 844; x_wconf 88' lang='lat' dir='ltr'><strong>tua</strong></span> <span class='ocrx_word' id='word_1_24' title='bbox 1087 793 1154 844; x_wconf 92' lang='lat' dir='ltr'><strong>te</strong></span> <span class='ocrx_word' id='word_1_25' title='bbox 1181 793 1494 854; x_wconf 87' lang='lat' dir='ltr'><strong>moveant,</strong></span> <span class='ocrx_word' id='word_1_26' title='bbox 1520 785 1634 843; x_wconf 91' lang='lat' dir='ltr'><strong>sed</strong></span> <span class='ocrx_word' id='word_1_27' title='bbox 1657 784 1903 862; x_wconf 89' lang='lat' dir='ltr'><strong>publica</strong></span> <span class='ocrx_word' id='word_1_28' title='bbox 1928 793 2096 845; x_wconf 88' lang='lat' dir='ltr'><strong>vota.</strong></span> <span class='ocrx_word' id='word_1_29' title='bbox 2201 793 2299 842; x_wconf 87' lang='grc'><strong>295</strong></span> 
     </span>
     <span class='ocr_line' id='line_1_6' title="bbox 576 878 2301 957; baseline -0.002 -18"><span class='ocrx_word' id='word_1_30' title='bbox 576 890 613 916; x_wconf 85' lang='grc'><strong>“</strong></span> <span class='ocrx_word' id='word_1_31' title='bbox 642 880 716 939; x_wconf 94' lang='lat' dir='ltr'><strong>In</strong></span> <span class='ocrx_word' id='word_1_32' title='bbox 745 899 1070 939; x_wconf 90' lang='lat' dir='ltr'><strong>commune</strong></span> <span class='ocrx_word' id='word_1_33' title='bbox 1098 879 1275 937; x_wconf 91' lang='lat' dir='ltr'><strong>iubes</strong></span> <span class='ocrx_word' id='word_1_34' title='bbox 1305 881 1356 938; x_wconf 90' lang='lat' dir='ltr'><strong>si</strong></span> <span class='ocrx_word' id='word_1_35' title='bbox 1386 878 1535 957; x_wconf 92' lang='lat' dir='ltr'><strong>quid</strong></span> <span class='ocrx_word' id='word_1_36' title='bbox 1568 898 1907 957; x_wconf 89' lang='lat' dir='ltr'><strong>censesque</strong></span> <span class='ocrx_word' id='word_1_37' title='bbox 1940 878 2301 950; x_wconf 89' lang='lat' dir='ltr'><strong>tenendum,</strong></span> 
     </span>
     <span class='ocr_line' id='line_1_7' title="bbox 496 973 1968 1053; baseline 0 -21"><span class='ocrx_word' id='word_1_38' title='bbox 496 978 728 1053; x_wconf 91' lang='lat' dir='ltr'><strong>primus</strong></span> <span class='ocrx_word' id='word_1_39' title='bbox 754 979 918 1032; x_wconf 90' lang='lat' dir='ltr'><strong>iussa</strong></span> <span class='ocrx_word' id='word_1_40' title='bbox 946 974 1118 1032; x_wconf 89' lang='lat' dir='ltr'><strong>subi:</strong></span> <span class='ocrx_word' id='word_1_41' title='bbox 1161 981 1310 1031; x_wconf 86' lang='lat' dir='ltr'><strong>tunc</strong></span> <span class='ocrx_word' id='word_1_42' title='bbox 1338 973 1758 1032; x_wconf 82' lang='lat' dir='ltr'><strong>observantior</strong></span> <span class='ocrx_word' id='word_1_43' title='bbox 1786 977 1968 1052; x_wconf 85' lang='lat' dir='ltr'><strong>aequi</strong></span> 
     </span>
     <span class='ocr_line' id='line_1_8' title="bbox 499 1066 2072 1147; baseline -0.002 -20"><span class='ocrx_word' id='word_1_44' title='bbox 499 1069 570 1128; x_wconf 82' lang='lat' dir='ltr'><strong>fit</strong></span> <span class='ocrx_word' id='word_1_45' title='bbox 595 1066 856 1147; x_wconf 91' lang='lat' dir='ltr'><strong>populus</strong></span> <span class='ocrx_word' id='word_1_46' title='bbox 884 1087 999 1126; x_wconf 89' lang='lat' dir='ltr'><strong>nec</strong></span> <span class='ocrx_word' id='word_1_47' title='bbox 1024 1066 1187 1125; x_wconf 88' lang='lat' dir='ltr'><strong>ferre</strong></span> <span class='ocrx_word' id='word_1_48' title='bbox 1214 1075 1429 1145; x_wconf 87' lang='lat' dir='ltr'><strong>negat,</strong></span> <span class='ocrx_word' id='word_1_49' title='bbox 1455 1087 1596 1125; x_wconf 89' lang='lat' dir='ltr'><strong>cum</strong></span> <span class='ocrx_word' id='word_1_50' title='bbox 1622 1067 1846 1126; x_wconf 89' lang='lat' dir='ltr'><strong>viderit</strong></span> <span class='ocrx_word' id='word_1_51' title='bbox 1870 1070 2072 1145; x_wconf 90' lang='lat' dir='ltr'><strong>ipsum</strong></span> 
     </span>
     <span class='ocr_line' id='line_1_9' title="bbox 498 1161 1877 1240; baseline -0.001 -19"><span class='ocrx_word' id='word_1_52' title='bbox 498 1172 814 1222; x_wconf 82' lang='lat' dir='ltr'><strong>auctorem</strong></span> <span class='ocrx_word' id='word_1_53' title='bbox 839 1181 1058 1240; x_wconf 92' lang='lat' dir='ltr'><strong>parere</strong></span> <span class='ocrx_word' id='word_1_54' title='bbox 1087 1161 1222 1219; x_wconf 90' lang='lat' dir='ltr'><strong>sibi.</strong></span> <span class='ocrx_word' id='word_1_55' title='bbox 1301 1165 1689 1239; x_wconf 85' lang='lat' dir='ltr'><strong>componitur</strong></span> <span class='ocrx_word' id='word_1_56' title='bbox 1716 1162 1877 1220; x_wconf 89' lang='lat' dir='ltr'><strong>orbis</strong></span> 
     </span>
     <span class='ocr_line' id='line_1_10' title="bbox 497 1252 2305 1336; baseline -0.001 -21"><span class='ocrx_word' id='word_1_57' title='bbox 497 1261 659 1336; x_wconf 85' lang='lat' dir='ltr'><strong>regis</strong></span> <span class='ocrx_word' id='word_1_58' title='bbox 688 1256 768 1315; x_wconf 92' lang='lat' dir='ltr'><strong>ad</strong></span> <span class='ocrx_word' id='word_1_59' title='bbox 796 1254 1169 1333; x_wconf 87' lang='lat' dir='ltr'><strong>exemplum,</strong></span> <span class='ocrx_word' id='word_1_60' title='bbox 1197 1275 1313 1314; x_wconf 92' lang='lat' dir='ltr'><strong>nec</strong></span> <span class='ocrx_word' id='word_1_61' title='bbox 1341 1258 1424 1314; x_wconf 91' lang='lat' dir='ltr'><strong>sic</strong></span> <span class='ocrx_word' id='word_1_62' title='bbox 1450 1255 1766 1314; x_wconf 88' lang='lat' dir='ltr'><strong>inflectere</strong></span> <span class='ocrx_word' id='word_1_63' title='bbox 1794 1276 2007 1314; x_wconf 90' lang='lat' dir='ltr'><strong>sensus</strong></span> <span class='ocrx_word' id='word_1_64' title='bbox 2205 1252 2305 1314; x_wconf 93' lang='grc'><strong>300</strong></span> 
     </span>
     <span class='ocr_line' id='line_1_11' title="bbox 496 1348 1982 1428; baseline -0.001 -19"><span class='ocrx_word' id='word_1_65' title='bbox 496 1350 794 1409; x_wconf 90' lang='lat' dir='ltr'><strong>humanos</strong></span> <span class='ocrx_word' id='word_1_66' title='bbox 826 1349 1030 1408; x_wconf 88' lang='lat' dir='ltr'><strong>edicta</strong></span> <span class='ocrx_word' id='word_1_67' title='bbox 1058 1348 1269 1407; x_wconf 83' lang='lat' dir='ltr'><strong>valent</strong></span> <span class='ocrx_word' id='word_1_68' title='bbox 1298 1368 1485 1427; x_wconf 91' lang='lat' dir='ltr'><strong>quam</strong></span> <span class='ocrx_word' id='word_1_69' title='bbox 1514 1353 1642 1407; x_wconf 88' lang='lat' dir='ltr'><strong>vita</strong></span> <span class='ocrx_word' id='word_1_70' title='bbox 1670 1353 1982 1428; x_wconf 88' lang='lat' dir='ltr'><strong>regentis:</strong></span> 
     </span>
     <span class='ocr_line' id='line_1_12' title="bbox 499 1443 2053 1522; baseline -0.001 -18"><span class='ocrx_word' id='word_1_71' title='bbox 499 1444 725 1504; x_wconf 90' lang='lat' dir='ltr'><strong>mobile</strong></span> <span class='ocrx_word' id='word_1_72' title='bbox 755 1451 1034 1503; x_wconf 88' lang='lat' dir='ltr'><strong>mutatur</strong></span> <span class='ocrx_word' id='word_1_73' title='bbox 1063 1463 1309 1520; x_wconf 92' lang='lat' dir='ltr'><strong>semper</strong></span> <span class='ocrx_word' id='word_1_74' title='bbox 1339 1464 1479 1502; x_wconf 91' lang='lat' dir='ltr'><strong>cum</strong></span> <span class='ocrx_word' id='word_1_75' title='bbox 1506 1447 1784 1521; x_wconf 92' lang='lat' dir='ltr'><strong>principe</strong></span> <span class='ocrx_word' id='word_1_76' title='bbox 1814 1443 2053 1522; x_wconf 83' lang='lat' dir='ltr'><strong>vulguS.</strong></span> 
     </span>
     <span class='ocr_line' id='line_1_13' title="bbox 578 1535 2008 1608; baseline -0.001 -11"><span class='ocrx_word' id='word_1_77' title='bbox 578 1549 614 1576; x_wconf 87' lang='lat'><strong>“</strong></span> <span class='ocrx_word' id='word_1_78' title='bbox 637 1539 750 1597; x_wconf 91' lang='lat' dir='ltr'><strong>His</strong></span> <span class='ocrx_word' id='word_1_79' title='bbox 779 1547 993 1597; x_wconf 86' lang='lat' dir='ltr'><strong>tamen</strong></span> <span class='ocrx_word' id='word_1_80' title='bbox 1023 1535 1257 1596; x_wconf 88' lang='lat' dir='ltr'><strong>effectis</strong></span> <span class='ocrx_word' id='word_1_81' title='bbox 1286 1557 1409 1595; x_wconf 92' lang='lat' dir='ltr'><strong>neu</strong></span> <span class='ocrx_word' id='word_1_82' title='bbox 1437 1536 1714 1608; x_wconf 80' lang='lat' dir='ltr'><strong>fastidire</strong></span> <span class='ocrx_word' id='word_1_83' title='bbox 1744 1541 2008 1596; x_wconf 89' lang='lat' dir='ltr'><strong>minores</strong></span> 
     </span>
     <span class='ocr_line' id='line_1_14' title="bbox 500 1631 2181 1711; baseline -0.001 -18"><span class='ocrx_word' id='word_1_84' title='bbox 500 1654 623 1694; x_wconf 92' lang='lat' dir='ltr'><strong>neu</strong></span> <span class='ocrx_word' id='word_1_85' title='bbox 654 1641 802 1711; x_wconf 87' lang='lat' dir='ltr'><strong>pete</strong></span> <span class='ocrx_word' id='word_1_86' title='bbox 834 1635 1243 1709; x_wconf 86' lang='lat' dir='ltr'><strong>praescriptos</strong></span> <span class='ocrx_word' id='word_1_87' title='bbox 1278 1631 1508 1689; x_wconf 90' lang='lat' dir='ltr'><strong>homini</strong></span> <span class='ocrx_word' id='word_1_88' title='bbox 1540 1632 1975 1691; x_wconf 86' lang='lat' dir='ltr'><strong>transcendere</strong></span> <span class='ocrx_word' id='word_1_89' title='bbox 2008 1631 2181 1691; x_wconf 80' lang='lat' dir='ltr'><strong>fines,</strong></span> 
     </span>
     <span class='ocr_line' id='line_1_15' title="bbox 500 1726 2309 1806; baseline -0.002 -18"><span class='ocrx_word' id='word_1_90' title='bbox 500 1730 784 1806; x_wconf 87' lang='lat' dir='ltr'><strong>inquinat</strong></span> <span class='ocrx_word' id='word_1_91' title='bbox 816 1730 1096 1806; x_wconf 85' lang='lat' dir='ltr'><strong>egregios</strong></span> <span class='ocrx_word' id='word_1_92' title='bbox 1128 1726 1420 1785; x_wconf 83' lang='lat' dir='ltr'><strong>adiuncta</strong></span> <span class='ocrx_word' id='word_1_93' title='bbox 1450 1727 1737 1804; x_wconf 86' lang='lat' dir='ltr'><strong>superbia</strong></span> <span class='ocrx_word' id='word_1_94' title='bbox 1766 1747 1987 1786; x_wconf 78' lang='lat' dir='ltr'><strong>mores,</strong></span> <span class='ocrx_word' id='word_1_95' title='bbox 2203 1736 2309 1786; x_wconf 86' lang='lat'><strong>305</strong></span> 
     </span>
     <span class='ocr_line' id='line_1_16' title="bbox 503 1820 2005 1892; baseline 0 -12"><span class='ocrx_word' id='word_1_96' title='bbox 503 1843 626 1880; x_wconf 92' lang='lat' dir='ltr'><strong>non</strong></span> <span class='ocrx_word' id='word_1_97' title='bbox 657 1823 771 1880; x_wconf 88' lang='lat' dir='ltr'><strong>tibi</strong></span> <span class='ocrx_word' id='word_1_98' title='bbox 802 1820 1166 1880; x_wconf 87' lang='lat' dir='ltr'><strong>tradidimus</strong></span> <span class='ocrx_word' id='word_1_99' title='bbox 1199 1820 1427 1879; x_wconf 88' lang='lat' dir='ltr'><strong>dociles</strong></span> <span class='ocrx_word' id='word_1_100' title='bbox 1458 1825 1684 1880; x_wconf 89' lang='lat' dir='ltr'><strong>servire</strong></span> <span class='ocrx_word' id='word_1_101' title='bbox 1716 1820 2005 1892; x_wconf 80' lang='lat' dir='ltr'><strong>Sabaeos,</strong></span> 
     </span>
     <span class='ocr_line' id='line_1_17' title="bbox 504 1914 2049 1994; baseline 0.001 -19"><span class='ocrx_word' id='word_1_102' title='bbox 504 1916 836 1975; x_wconf 89' lang='lat' dir='ltr'><strong>Armeniae</strong></span> <span class='ocrx_word' id='word_1_103' title='bbox 864 1914 1180 1974; x_wconf 90' lang='lat' dir='ltr'><strong>dominum</strong></span> <span class='ocrx_word' id='word_1_104' title='bbox 1206 1936 1331 1974; x_wconf 90' lang='lat' dir='ltr'><strong>non</strong></span> <span class='ocrx_word' id='word_1_105' title='bbox 1358 1924 1424 1975; x_wconf 89' lang='lat' dir='ltr'><strong>te</strong></span> <span class='ocrx_word' id='word_1_106' title='bbox 1450 1914 1856 1994; x_wconf 86' lang='lat' dir='ltr'><strong>praefecimus</strong></span> <span class='ocrx_word' id='word_1_107' title='bbox 1885 1937 2049 1988; x_wconf 87' lang='lat' dir='ltr'><strong>orae,</strong></span> 
     </span>
     <span class='ocr_line' id='line_1_18' title="bbox 502 2009 2266 2090; baseline 0.001 -21"><span class='ocrx_word' id='word_1_108' title='bbox 502 2031 617 2069; x_wconf 89' lang='lat' dir='ltr'><strong>nec</strong></span> <span class='ocrx_word' id='word_1_109' title='bbox 646 2010 863 2069; x_wconf 84' lang='lat' dir='ltr'><strong>damus</strong></span> <span class='ocrx_word' id='word_1_110' title='bbox 892 2009 1230 2089; x_wconf 86' lang='lat' dir='ltr'><strong>Assyriam,</strong></span> <span class='ocrx_word' id='word_1_111' title='bbox 1260 2014 1465 2069; x_wconf 88' lang='lat' dir='ltr'><strong>tenuit</strong></span> <span class='ocrx_word' id='word_1_112' title='bbox 1494 2031 1679 2089; x_wconf 87' lang='lat' dir='ltr'><strong>quam</strong></span> <span class='ocrx_word' id='word_1_113' title='bbox 1706 2010 1959 2082; x_wconf 88' lang='lat' dir='ltr'><strong>femina,</strong></span> <span class='ocrx_word' id='word_1_114' title='bbox 1986 2021 2266 2090; x_wconf 87' lang='lat' dir='ltr'><strong>gentem.</strong></span> 
     </span>
     <span class='ocr_line' id='line_1_19' title="bbox 506 2104 1874 2184; baseline 0.001 -21"><span class='ocrx_word' id='word_1_115' title='bbox 506 2105 787 2175; x_wconf 89' lang='lat' dir='ltr'><strong>Romani,</strong></span> <span class='ocrx_word' id='word_1_116' title='bbox 815 2109 921 2183; x_wconf 90' lang='lat' dir='ltr'><strong>qui</strong></span> <span class='ocrx_word' id='word_1_117' title='bbox 947 2113 1170 2163; x_wconf 88' lang='lat' dir='ltr'><strong>cuncta</strong></span> <span class='ocrx_word' id='word_1_118' title='bbox 1196 2104 1304 2162; x_wconf 94' lang='lat' dir='ltr'><strong>diu</strong></span> <span class='ocrx_word' id='word_1_119' title='bbox 1329 2124 1570 2175; x_wconf 81' lang='lat' dir='ltr'><strong>rexere,</strong></span> <span class='ocrx_word' id='word_1_120' title='bbox 1595 2105 1874 2184; x_wconf 88' lang='lat' dir='ltr'><strong>regendi,</strong></span> 
     </span>
     <span class='ocr_line' id='line_1_20' title="bbox 506 2197 2314 2278; baseline 0.002 -21"><span class='ocrx_word' id='word_1_121' title='bbox 506 2203 612 2278; x_wconf 94' lang='lat' dir='ltr'><strong>qui</strong></span> <span class='ocrx_word' id='word_1_122' title='bbox 639 2219 753 2258; x_wconf 88' lang='lat' dir='ltr'><strong>nec</strong></span> <span class='ocrx_word' id='word_1_123' title='bbox 779 2200 1092 2278; x_wconf 83' lang='lat' dir='ltr'><strong>Tarquinii</strong></span> <span class='ocrx_word' id='word_1_124' title='bbox 1117 2197 1314 2258; x_wconf 84' lang='lat' dir='ltr'><strong>fastus</strong></span> <span class='ocrx_word' id='word_1_125' title='bbox 1342 2219 1457 2258; x_wconf 89' lang='lat' dir='ltr'><strong>nec</strong></span> <span class='ocrx_word' id='word_1_126' title='bbox 1482 2203 1616 2257; x_wconf 90' lang='lat' dir='ltr'><strong>iura</strong></span> <span class='ocrx_word' id='word_1_127' title='bbox 1643 2198 1842 2259; x_wconf 86' lang='lat' dir='ltr'><strong>tulere</strong></span> <span class='ocrx_word' id='word_1_128' title='bbox 2206 2211 2314 2261; x_wconf 91' lang='grc'><strong>310</strong></span> 
     </span>
     <span class='ocr_line' id='line_1_21' title="bbox 507 2293 2113 2373; baseline 0.001 -21"><span class='ocrx_word' id='word_1_129' title='bbox 507 2294 802 2352; x_wconf 80' lang='lat' dir='ltr'><strong>Caesaris,</strong></span> <span class='ocrx_word' id='word_1_130' title='bbox 883 2293 1132 2352; x_wconf 88' lang='lat' dir='ltr'><strong>annales</strong></span> <span class='ocrx_word' id='word_1_131' title='bbox 1165 2303 1448 2353; x_wconf 89' lang='lat' dir='ltr'><strong>veterum</strong></span> <span class='ocrx_word' id='word_1_132' title='bbox 1481 2294 1707 2353; x_wconf 83' lang='lat' dir='ltr'><strong>delicta</strong></span> <span class='ocrx_word' id='word_1_133' title='bbox 1738 2294 2073 2373; x_wconf 88' lang='lat' dir='ltr'><strong>loquuntur</strong></span> <span class='ocrx_word' id='word_1_134' title='bbox 2099 2315 2113 2354; x_wconf 90' lang='lat'>:</span> 
     </span>
     <span class='ocr_line' id='line_1_22' title="bbox 504 2387 2249 2467; baseline 0.001 -21"><span class='ocrx_word' id='word_1_135' title='bbox 504 2388 851 2447; x_wconf 89' lang='lat' dir='ltr'><strong>haerebunt</strong></span> <span class='ocrx_word' id='word_1_136' title='bbox 880 2387 1177 2447; x_wconf 89' lang='lat' dir='ltr'><strong>maculae.</strong></span> <span class='ocrx_word' id='word_1_137' title='bbox 1258 2392 1393 2467; x_wconf 92' lang='lat' dir='ltr'><strong>quis</strong></span> <span class='ocrx_word' id='word_1_138' title='bbox 1423 2409 1546 2447; x_wconf 93' lang='lat' dir='ltr'><strong>non</strong></span> <span class='ocrx_word' id='word_1_139' title='bbox 1574 2409 1687 2467; x_wconf 92' lang='lat' dir='ltr'><strong>per</strong></span> <span class='ocrx_word' id='word_1_140' title='bbox 1715 2387 1958 2447; x_wconf 87' lang='lat' dir='ltr'><strong>saecula</strong></span> <span class='ocrx_word' id='word_1_141' title='bbox 1987 2389 2249 2449; x_wconf 90' lang='lat' dir='ltr'><strong>damnat</strong></span> 
     </span>
     <span class='ocr_line' id='line_1_23' title="bbox 507 2482 2179 2561; baseline 0 -19"><span class='ocrx_word' id='word_1_142' title='bbox 507 2483 847 2542; x_wconf 86' lang='lat' dir='ltr'><strong>Caesareae</strong></span> <span class='ocrx_word' id='word_1_143' title='bbox 873 2491 1166 2561; x_wconf 88' lang='lat' dir='ltr'><strong>portenta</strong></span> <span class='ocrx_word' id='word_1_144' title='bbox 1193 2482 1410 2541; x_wconf 92' lang='lat' dir='ltr'><strong>domus</strong></span> <span class='ocrx_word' id='word_1_145' title='bbox 1436 2484 1460 2541; x_wconf 90' lang='lat'>?</span> <span class='ocrx_word' id='word_1_146' title='bbox 1546 2503 1732 2561; x_wconf 92' lang='lat' dir='ltr'><strong>quem</strong></span> <span class='ocrx_word' id='word_1_147' title='bbox 1760 2483 1892 2542; x_wconf 91' lang='lat' dir='ltr'><strong>dira</strong></span> <span class='ocrx_word' id='word_1_148' title='bbox 1922 2484 2179 2542; x_wconf 90' lang='lat' dir='ltr'><strong>Neronis</strong></span> 
     </span>
     <span class='ocr_line' id='line_1_24' title="bbox 506 2576 2053 2655; baseline 0 -20"><span class='ocrx_word' id='word_1_149' title='bbox 506 2576 744 2647; x_wconf 83' lang='lat' dir='ltr'><strong>funera,</strong></span> <span class='ocrx_word' id='word_1_150' title='bbox 774 2596 960 2655; x_wconf 91' lang='lat' dir='ltr'><strong>quem</strong></span> <span class='ocrx_word' id='word_1_151' title='bbox 986 2596 1170 2653; x_wconf 92' lang='lat' dir='ltr'><strong>rupes</strong></span> <span class='ocrx_word' id='word_1_152' title='bbox 1199 2576 1574 2654; x_wconf 89' lang='lat' dir='ltr'><strong>Caprearum</strong></span> <span class='ocrx_word' id='word_1_153' title='bbox 1601 2585 1806 2635; x_wconf 83' lang='lat' dir='ltr'><strong>taetra</strong></span> <span class='ocrx_word' id='word_1_154' title='bbox 1831 2576 2053 2636; x_wconf 84' lang='lat' dir='ltr'><strong>latebit</strong></span> 
     </span>
     <span class='ocr_line' id='line_1_25' title="bbox 508 2670 2324 2748; baseline 0.001 -19"><span class='ocrx_word' id='word_1_155' title='bbox 508 2675 744 2730; x_wconf 89' lang='lat' dir='ltr'><strong>incesto</strong></span> <span class='ocrx_word' id='word_1_156' title='bbox 773 2690 1054 2748; x_wconf 89' lang='lat' dir='ltr'><strong>possessa</strong></span> <span class='ocrx_word' id='word_1_157' title='bbox 1084 2673 1215 2728; x_wconf 91' lang='lat' dir='ltr'><strong>seni</strong></span> <span class='ocrx_word' id='word_1_158' title='bbox 1241 2671 1266 2728; x_wconf 87' lang='lat'>?</span> <span class='ocrx_word' id='word_1_159' title='bbox 1345 2675 1581 2729; x_wconf 88' lang='lat' dir='ltr'><strong>victura</strong></span> <span class='ocrx_word' id='word_1_160' title='bbox 1610 2670 1846 2730; x_wconf 86' lang='lat' dir='ltr'><strong>feretur</strong></span> <span class='ocrx_word' id='word_1_161' title='bbox 2213 2682 2324 2731; x_wconf 88' lang='grc'><strong>315</strong></span> 
     </span>
     <span class='ocr_line' id='line_1_26' title="bbox 507 2764 1958 2844; baseline 0.001 -23"><span class='ocrx_word' id='word_1_162' title='bbox 507 2764 701 2844; x_wconf 85' lang='lat' dir='ltr'><strong>gloria</strong></span> <span class='ocrx_word' id='word_1_163' title='bbox 727 2764 992 2834; x_wconf 89' lang='lat' dir='ltr'><strong>Traiani,</strong></span> <span class='ocrx_word' id='word_1_164' title='bbox 1019 2785 1143 2822; x_wconf 93' lang='lat' dir='ltr'><strong>non</strong></span> <span class='ocrx_word' id='word_1_165' title='bbox 1170 2773 1302 2823; x_wconf 88' lang='lat' dir='ltr'><strong>tam</strong></span> <span class='ocrx_word' id='word_1_166' title='bbox 1331 2765 1495 2843; x_wconf 92' lang='lat' dir='ltr'><strong>quod</strong></span> <span class='ocrx_word' id='word_1_167' title='bbox 1521 2765 1769 2843; x_wconf 88' lang='lat' dir='ltr'><strong>Tigride</strong></span> <span class='ocrx_word' id='word_1_168' title='bbox 1797 2769 1958 2823; x_wconf 87' lang='lat' dir='ltr'><strong>victo</strong></span> 
     </span>
     <span class='ocr_line' id='line_1_27' title="bbox 510 2856 1977 2936; baseline -0.001 -20"><span class='ocrx_word' id='word_1_169' title='bbox 510 2867 720 2916; x_wconf 86' lang='lat' dir='ltr'><strong>nostra</strong></span> <span class='ocrx_word' id='word_1_170' title='bbox 749 2857 1114 2934; x_wconf 88' lang='lat' dir='ltr'><strong>triumphati</strong></span> <span class='ocrx_word' id='word_1_171' title='bbox 1143 2856 1376 2917; x_wconf 86' lang='lat' dir='ltr'><strong>fuerint</strong></span> <span class='ocrx_word' id='word_1_172' title='bbox 1404 2862 1715 2936; x_wconf 87' lang='lat' dir='ltr'><strong>provincia</strong></span> <span class='ocrx_word' id='word_1_173' title='bbox 1745 2858 1977 2928; x_wconf 88' lang='lat' dir='ltr'><strong>Parthi,</strong></span> 
     </span>
     <span class='ocr_line' id='line_1_28' title="bbox 511 2950 1935 3031; baseline 0 -20"><span class='ocrx_word' id='word_1_174' title='bbox 511 2952 637 3011; x_wconf 88' lang='lat' dir='ltr'><strong>alta</strong></span> <span class='ocrx_word' id='word_1_175' title='bbox 665 2951 832 3031; x_wconf 92' lang='lat' dir='ltr'><strong>quod</strong></span> <span class='ocrx_word' id='word_1_176' title='bbox 856 2956 1134 3011; x_wconf 89' lang='lat' dir='ltr'><strong>invectus</strong></span> <span class='ocrx_word' id='word_1_177' title='bbox 1160 2950 1371 3011; x_wconf 89' lang='lat' dir='ltr'><strong>fractis</strong></span> <span class='ocrx_word' id='word_1_178' title='bbox 1400 2952 1701 3030; x_wconf 86' lang='lat' dir='ltr'><strong>Capitolia</strong></span> <span class='ocrx_word' id='word_1_179' title='bbox 1729 2953 1935 3023; x_wconf 83' lang='lat' dir='ltr'><strong>DaciS,</strong></span> 
     </span>
    </p>
   </div>
   <div class='ocr_carea' id='block_1_3' title="bbox 514 3182 1630 3322">
    <p class='ocr_par' dir='ltr' id='par_1_3' title="bbox 514 3182 1630 3322">
     <span class='ocr_line' id='line_1_29' title="bbox 1174 3182 1630 3235; baseline 0 -1"><span class='ocrx_word' id='word_1_180' title='bbox 1174 3195 1179 3198; x_wconf 84' lang='lat'>&#39;</span> <span class='ocrx_word' id='word_1_181' title='bbox 1205 3183 1225 3214; x_wconf 86' lang='lat'>²</span> <span class='ocrx_word' id='word_1_182' title='bbox 1259 3183 1344 3235; x_wconf 64' lang='lat'><strong>226.</strong></span> <span class='ocrx_word' id='word_1_183' title='bbox 1368 3182 1630 3234; x_wconf 78' lang='lat' dir='ltr'><strong>Tiberius,</strong></span> 
     </span>
     <span class='ocr_line' id='line_1_30' title="bbox 514 3270 630 3322; baseline 0 0"><span class='ocrx_word' id='word_1_184' title='bbox 514 3270 630 3322; x_wconf 84' lang='lat'><strong>308</strong></span> 
     </span>
    </p>
   </div>
  </div>
 </body>
</html>
