2511 3938
1154 333 1600 394 CLAUDIAN

477 495 575 554 hic
601 504 918 575 gemmata
943 499 1120 574 niger
1144 499 1417 555 tentoria
1443 496 1666 553 fixerat
1693 494 1882 578 Indus
1908 514 1925 565 3

476 586 574 646 hic
602 587 882 646 Rhodani
907 606 1160 663 procera
1187 586 1422 658 cohorS,
1449 587 1547 645 hic
1573 586 1746 645 miles
1775 586 2057 644 alumnus

477 675 730 737 Oceani.
810 676 1027 735 ductor
1053 677 1306 736 Stilicho
1333 687 1431 737 tot
1456 679 1746 757 gentibus
1773 698 1951 744 unuS‚
2190 685 2299 734 160

476 777 629 850 quot
657 767 754 826 vel
781 768 1178 846 progrediens
1207 767 1306 826 vel
1333 772 1628 848 conspicit
1655 769 1939 827 occiduus
1969 767 2079 826 sol.

472 862 539 916 in
566 879 688 937 quo
715 867 847 917 tam
873 863 1039 917 vario
1067 879 1284 917 vocum
1311 879 1734 939 generumque
1762 859 2034 918 tumultu

475 956 655 1008 tanta
671 953 858 1030 quies
886 954 1157 1028 iurisque
1188 959 1392 1009 metus
1424 961 1699 1010 servator
1728 952 1971 1010 honesti

477 1048 542 1099 te
571 1042 934 1101 moderante
960 1040 1101 1111 fuit,
1129 1041 1308 1100 nullis
1336 1051 1409 1101 ut
1435 1046 1616 1101 vinea
1641 1041 1821 1101 furtis

475 1132 574 1190 vel
602 1152 780 1212 seges
811 1141 1027 1210 erepta
1054 1131 1374 1192 fraudaret
1402 1154 1601 1193 messe
1631 1133 1933 1203 colonum,
2189 1143 2296 1192 165

475 1232 548 1282 ut
574 1224 725 1282 nihil
753 1232 862 1283 aut
888 1244 1140 1283 saevum
1166 1225 1367 1283 rabies
1397 1233 1506 1283 aut
1533 1234 1716 1303 turpe
1742 1224 1930 1284 libido

476 1316 787 1385 suaderet,
817 1314 1041 1392 placidi
1069 1319 1371 1374 servirent
1400 1316 1639 1394 legibus
1672 1336 1868 1378 enses.

475 1406 708 1466 scilicet
735 1410 801 1464 in
828 1406 1045 1485 vulgus
1075 1415 1333 1480 manant
1363 1407 1648 1486 exempla
1676 1417 2026 1487 regentum,

475 1507 671 1575 utque
698 1497 925 1556 ducum
948 1496 1154 1568 litum,
1181 1501 1267 1556 sic
1293 1518 1492 1557 mores
1521 1507 1721 1558 castra
1747 1508 2109 1577 sequuntur.

554 1588 842 1667 Denique
871 1588 1080 1647 felices
1111 1589 1344 1667 aquilas
1375 1609 1762 1669 quocumque
1791 1610 2091 1659 movereS,
2188 1600 2294 1649 170

478 1681 740 1739 arebant
767 1683 958 1738 tantis
989 1684 1158 1757 epoti
1185 1680 1430 1739 milibus
1460 1701 1692 1740 amnes,

478 1769 788 1849 Illyricum
818 1779 1066 1848 peteres
1095 1791 1109 1828 ε
1161 1775 1362 1848 campi
1391 1781 1758 1850 montesque
1788 1772 2091 1830 latebant.
2178 1791 2184 1797 ·

478 1860 766 1919 vexillum
795 1860 1012 1918 navale
1041 1860 1219 1920 dares
1248 1882 1263 1919 z
1313 1863 1427 1921 sub
1455 1864 1762 1941 puppibus
1790 1864 1924 1921 ibat

480 1952 741 2011 Ionium.
821 1951 1015 2011 nullas
1034 1952 1059 1989 1
1088 1956 1398 2013 succincta
1428 1954 1730 2013 Ceraunia
1759 1956 1979 2013 nimbis

478 2063 591 2101 nec
614 2047 761 2122 iuga
787 2043 1100 2101 Leucatae
1124 2042 1352 2102 feriens
1377 2049 1728 2122 spumantia
1751 2045 1942 2104 fluctu
2189 2055 2295 2104 175

477 2134 836 2193 deterrebat
864 2135 1080 2193 hiems.
1161 2143 1231 2193 tu
1262 2139 1311 2194 si
1339 2135 1595 2214 glaciale
1623 2138 1867 2195 iuberes

477 2228 785 2302 vestigare
814 2223 1067 2293 fretum,
1097 2244 1311 2284 securo
1341 2226 1537 2285 milite
1567 2226 1738 2286 ducti

476 2324 698 2394 stagna
726 2315 1102 2373 reluctantes
1132 2324 1466 2393 quaterent
1495 2314 1780 2393 Saturnia
1808 2322 1961 2375 remi
1987 2337 2002 2387 3

477 2409 527 2461 si
557 2405 805 2464 deserta
836 2404 1003 2474 Noti,
1030 2403 1275 2463 fontem
1300 2410 1350 2464 si
1381 2426 1679 2484 quaerere
1710 2408 1852 2478 Nili,

479 2496 858 2573 Aethiopum
888 2495 1123 2553 medios
1153 2505 1589 2574 penetrassent
1617 2498 1754 2556 vela
1785 2519 2060 2578 vapores·
2189 2511 2294 2560 180

554 2587 642 2644 Te
670 2607 905 2645 memor
931 2586 1216 2657 EurotaS,
1243 2596 1310 2646 te
1337 2591 1564 2647 rustica
1593 2589 1777 2648 Musa
1806 2588 2053 2668 Lycaei,

477 2684 545 2736 te
572 2677 864 2755 pastorali
892 2676 1288 2736 modulantur
1319 2679 1611 2738 Maenala
1638 2689 1826 2739 cantu

481 2768 1003 2846 Partheniumque
1031 2789 1269 2840 nemus,
1298 2770 1464 2847 quod
1490 2779 1556 2829 te
1583 2781 1905 2850 pugnante
1930 2792 2263 2853 resurgens

478 2879 665 2937 aegra
691 2868 881 2935 caput
906 2860 1123 2917 mediis
1153 2863 1354 2918 erexit
1381 2860 1640 2919 Graecia
1668 2861 1947 2922 flammis,

477 2949 738 3027 plurima
770 2947 1121 3008 Parrhasius
1152 2959 1301 3008 tunc
1327 2954 1493 3009 inter
1521 2972 1775 3030 corpora
1806 2952 2020 3012 Ladon
2190 2966 2291 3016 185

543 3060 563 3091 1
599 3064 715 3109 ΛΠ
742 3059 983 3118 nullum3
1023 3060 1169 3110 other
1201 3075 1316 3111 MSS.
1351 3060 1529 3121 nulliS,
1553 3064 1718 3114 which
1750 3063 1877 3114 Birt
1905 3065 2106 3127 print-s.
2177 3067 2303 3120 Bac

478 3123 969 3251 {ilpetgrrlelbfigsneeds
997 3142 1069 3176 an
1091 3124 1255 3189 object
1287 3124 1370 3189 (as
1392 3132 1435 3175 A
1464 3129 1575 3179 and
1598 3133 1664 3178 Π
1681 3130 1953 3196 indicate).
2019 3130 2294 3199 Possibly,

481 3268 599 3331 376
