2511 3938
1144 338 1591 397 CLAUDIAN

469 506 729 556 exornet
753 501 1030 576 geminos
1059 498 1378 557 Maurusia
1402 498 1615 557 laurea
1640 519 1849 557 currus
1877 519 1891 558 z

469 610 592 647 una
618 589 834 648 domus
860 592 1090 648 totiens
1118 610 1241 647 una
1268 590 1347 649 de
1374 599 1565 668 gente
1591 590 1953 669 triumphet.
2166 599 2268 649 345

467 680 532 739 di
557 681 742 751 bene,
769 680 936 758 quod
962 685 1153 739 tantis
1178 680 1693 740 interlabentibus
1722 685 1894 740 annis

467 774 696 829 servati
724 770 1085 849 Firmusque
1112 771 1263 829 mihi
1288 771 1603 851 fraterque
1630 771 1909 851 nepoti.''

467 862 629 921 dixit
655 870 722 920 et
748 861 1010 921 adflatus
1037 866 1234 921 vicino
1262 862 1388 921 sole
1414 862 1666 942 refugit.

546 953 636 1011 At
659 956 948 1012 iuvenem
974 954 1234 1012 stimulis
1260 956 1607 1013 inmanibus
1636 954 1878 1014 aemula
1903 958 2094 1014 virtus

469 1047 718 1102 exacuit
743 1063 759 1115 3
805 1048 931 1102 iam
955 1065 1167 1123 puppe
1193 1045 1357 1116 vehi,
1381 1049 1506 1103 iam
1533 1054 1755 1124 stagna
1781 1066 1988 1105 secare
2168 1055 2269 1104 350

465 1133 670 1193 fervet
695 1143 762 1193 et
786 1136 1075 1194 absentes
1100 1135 1390 1194 invadere
1416 1136 1666 1214 cuspide
1695 1137 1968 1196 Mauros,

465 1232 605 1283 tum
628 1227 806 1284 iubet
832 1229 1011 1284 acciri
1037 1247 1315 1285 socerum
1341 1227 1749 1305 dextramque
1776 1236 1993 1287 vocato

466 1319 734 1374 conserit
761 1324 847 1386 et,
875 1336 1036 1395 quae
1062 1320 1144 1375 sit
1166 1320 1371 1395 potior
1397 1321 1728 1388 sententia,
1756 1321 1999 1396 quaerit
2026 1338 2040 1377 t

545 1416 584 1443 “
612 1406 729 1464 Per
756 1427 998 1466 somnos
1026 1407 1196 1478 mihi,
1223 1417 1436 1467 sancte
1463 1417 1665 1486 pater,
1691 1412 1816 1467 iam
1843 1429 2029 1488 saepe
2057 1408 2267 1468 futura

466 1498 823 1576 panduntur
847 1499 1205 1578 multaeque
1232 1508 1463 1558 canunt
1488 1503 1811 1579 praesagia
1835 1510 2067 1559 noctes,
2167 1509 2269 1558 355

464 1609 734 1668 namque
758 1589 973 1668 procul
1001 1590 1262 1669 Libycos
1290 1600 1519 1649 venatu
1546 1594 1793 1670 cingere
1821 1591 2011 1651 saltus

468 1688 534 1737 et
558 1682 707 1757 iuga
731 1683 938 1738 rimari
963 1681 1214 1739 canibus
1243 1680 1511 1739 Gaetula
1535 1681 1808 1740 videbar.

466 1771 791 1829 maerebat
815 1774 986 1850 regio
1013 1775 1180 1829 saevi
1205 1780 1450 1830 vastata
1475 1771 1667 1830 leonis

465 1864 710 1919 incursu
736 1881 752 1931 3
797 1861 1106 1940 pecudum
1132 1870 1370 1940 strages
1395 1866 1745 1942 passimque
1770 1867 2011 1923 iuvenci

463 1955 800 2012 semineces
829 1960 895 2012 et
920 1952 1119 2013 adhuc
1143 1953 1379 2014 infecta
1404 1953 1668 2033 mapalia
1694 1956 1841 2014 tabo
2165 1965 2269 2017 360

464 2063 796 2123 sparsaque
826 2049 1175 2123 sanguineis
1203 2055 1521 2123 pastorum
1548 2046 1766 2105 funera
1793 2051 2045 2125 campis,

465 2136 790 2213 adgredior
814 2136 1083 2195 latebras
1109 2142 1367 2197 monstri
1392 2142 1737 2217 mirumque
1763 2139 1964 2197 relatu

465 2230 768 2304 conspicio
796 2248 810 2286 z
862 2227 1128 2305 dilapsus
1158 2228 1371 2299 honoS,
1400 2233 1638 2288 cervice
1666 2233 1934 2288 minaces

465 2317 781 2377 defluxere
810 2320 993 2378 iubae
1021 2339 1036 2389 ;
1084 2318 1311 2379 fractos
1338 2319 1629 2399 inglorius
1660 2341 1857 2380 armos

465 2413 806 2487 supposuit,
833 2410 1049 2468 servile
1076 2430 1367 2489 gemens;
1410 2415 1760 2490 iniectaque
1786 2412 1983 2471 vincla
2165 2421 2267 2471 365

464 2502 770 2579 unguibus
799 2510 865 2559 et
891 2502 1132 2560 subitae
1159 2501 1312 2560 collo
1340 2522 1598 2561 sonuere
1625 2512 1904 2562 catenae.

465 2612 627 2650 nunc
655 2596 843 2650 etiam
868 2594 1116 2671 paribus
1143 2613 1352 2652 secum
1378 2602 1614 2652 certare
1642 2598 1909 2672 tropaeis

462 2682 740 2741 hortator
765 2703 867 2741 me
894 2687 1060 2763 cogit
1087 2705 1254 2743 avus.
1336 2705 1603 2763 quonam
1630 2705 1823 2763 usque
1849 2689 2072 2745 remoti

461 2783 820 2834 cunctamur
845 2777 867 2833 ?
948 2776 1156 2834 decuit
1180 2775 1422 2853 pridem
1448 2776 1753 2855 complere
1781 2778 2043 2836 biremes
2070 2834 2073 2837 ,

461 2875 527 2924 et
552 2865 758 2944 pelagi
785 2886 1073 2943 superare
1101 2887 1320 2925 moras,
1402 2872 1821 2926 transmittere
1846 2872 2077 2946 primus
2162 2878 2265 2928 370

454 2961 589 3035 ipse
615 2978 764 3035 paro
791 2976 807 3028 3
856 2977 1282 3036 quaecumque
1309 2978 1448 3016 meo
1475 2979 1627 3037 gens
1654 2960 1915 3019 barbara
1941 2970 2096 3019 nutu

456 3052 797 3127 stringitur,
825 3048 1115 3107 adveniat
1141 3068 1156 3107 ε
1205 3047 1538 3108 Germania
1564 3060 1785 3110 cuncta
1808 3050 2045 3110 feratur

1144 3195 1165 3226 ¹
1198 3195 1285 3247 220.
1322 3193 1566 3247 Stilicho.

457 3278 570 3330 124
