2511 3938
1193 291 1640 351 CLAUDIAN

519 448 708 510 Porus
737 451 1112 521 Alexandm,
1143 451 1445 510 Memnon
1470 459 1813 530 prostratus
1843 451 2086 522 Achilli,

518 532 700 592 Gildo
727 553 953 611 nempe
979 535 1115 592 tibi.

1211 615 1342 674 Nec
1371 615 1568 674 solum
1596 613 1866 674 fervidus
1897 616 2221 686 Austrum,

519 696 630 755 sed
653 705 864 774 partes
894 700 1083 754 etiam
1114 696 1362 755 Mavors
1390 698 1672 775 agitabat
1698 697 1880 755 anS.
2224 706 2326 755 270

519 781 795 856 quamvis
823 780 1212 857 obstreperet
1235 781 1460 856 pietas,
1487 778 1581 836 his
1606 778 1708 836 ille
1734 778 2046 857 regendae

520 860 922 918 transtulerat
949 880 1176 919 nomen
1205 859 1441 939 Libyae
1470 859 1807 938 scelerique
1833 859 2092 938 profano

518 940 706 999 fallax
736 941 1079 1020 legitimam
1107 946 1284 1021 regni
1309 942 1753 1019 praetenderat
1784 943 2084 1000 umbram.

519 1024 814 1101 surgebat
843 1027 1159 1102 geminum
1187 1027 1356 1082 varia
1382 1021 1708 1082 formidine
1738 1023 1989 1093 bellum,

519 1104 633 1163 hoc
664 1108 867 1175 armiS,
898 1105 1012 1164 hoc
1041 1108 1219 1164 triste
1250 1104 1424 1164 dolis,
1503 1104 1619 1163 hoc
1650 1103 1858 1163 Africa
1888 1108 2083 1163 saevis
2225 1114 2326 1162 275

517 1190 797 1245 cinxerat
826 1186 1085 1257 auxiliis,
1113 1186 1229 1245 hoc
1258 1190 1607 1246 coniuratus
1638 1186 1846 1246 alebat

520 1269 751 1326 insidiis
779 1268 1020 1327 OrienS.
1097 1268 1262 1327 illinc
1290 1268 1493 1326 edicta
1519 1269 1815 1326 meabant

520 1358 880 1426 corruptura
908 1350 1094 1408 duces
1121 1369 1136 1420 3
1187 1350 1329 1408 hinc
1355 1348 1633 1428 frugibus
1664 1359 1798 1408 atra
1825 1352 2069 1428 negatis

522 1432 786 1509 urgebat
815 1431 1245 1509 trepidamque
1276 1430 1473 1490 fames
1504 1432 1834 1490 obsederat
1863 1432 2101 1489 urbem.

523 1512 772 1570 exitiale
799 1512 1004 1589 palam
1033 1513 1334 1592 Libycum
1361 1532 1376 1583 ;
1424 1513 1598 1572 civile
1625 1513 1873 1590 pudoris
2228 1522 2330 1570 280

523 1595 785 1652 obtentu
817 1597 1097 1652 tacitum.

1182 1674 1362 1734 Tales
1392 1680 1703 1753 utrimque
1728 1674 2033 1753 procellae

521 1777 663 1815 cum
688 1756 1027 1816 fremerent
1054 1756 1447 1835 lacerumque
1477 1757 1726 1815 alternis
1753 1758 1974 1815 ictibus
2004 1777 2234 1835 anceps

522 1841 847 1915 imperium
873 1837 1147 1915 pulsaret
1173 1838 1392 1908 hiems,
1418 1838 1505 1895 nil
1529 1838 1691 1896 fessa
1716 1842 1952 1897 remisit

523 1919 699 1978 officii
727 1923 917 1978 virtus
945 1928 1282 1999 contraque
1311 1924 1610 1978 minantia
1634 1918 1768 1979 fata

424 2023 432 2029 ·
521 2001 780 2080 pervigil
812 2011 1193 2080 eventusque
1226 2004 1341 2060 sibi
1371 2002 1572 2061 latura
1603 2002 1899 2061 secundos
2228 2012 2330 2060 285

523 2087 715 2141 maior
739 2087 803 2140 in
831 2084 1097 2142 adversis
1125 2087 1341 2142 micuit
1368 2104 1382 2142 ε
1431 2083 1601 2142 velut
1628 2085 1858 2141 arbiter
1885 2082 2028 2154 alni,

523 2165 764 2223 nubilus
794 2166 1048 2244 Aegaeo
1077 2185 1265 2243 quam
1294 2167 1538 2224 turbine
1567 2173 1755 2223 vexat
1783 2165 1995 2235 Orion,

524 2250 749 2324 exiguo
775 2247 930 2305 clavi
955 2246 1121 2305 flexu
1149 2247 1420 2306 declinat
1446 2267 1744 2324 aquarum

523 2329 799 2398 verbera,
829 2348 990 2386 nunc
1016 2337 1209 2399 recta,
1238 2349 1400 2386 nunc
1429 2328 1784 2406 obliquante
1813 2331 2018 2386 carina

523 2409 795 2479 calliduS,
826 2418 891 2467 et
918 2410 1122 2487 pelagi
1151 2410 1427 2488 caelique
1457 2411 1755 2468 obnititur
1780 2413 1928 2467 irae.
2229 2419 2333 2468 290

601 2488 766 2563 Quid
781 2491 1577 2569 primum,Stilicho,mirer?
1598 2492 1762 2569 quod
1780 2499 1996 2549 cautus
2015 2490 2096 2549 ad
2115 2511 2335 2551 omnes

522 2576 823 2631 restiteris
848 2571 1117 2644 fraudeS,
1143 2581 1215 2630 ut
1240 2582 1307 2630 te
1334 2592 1448 2630 nec
1472 2576 1656 2631 noxia
1681 2571 1846 2630 furto

524 2655 732 2712 littera
759 2674 873 2712 nec
899 2657 1100 2731 pretio
1128 2673 1345 2711 manus
1372 2653 1754 2712 inflammata
1779 2653 2007 2711 lateret
2032 2654 2055 2711 ?

524 2735 689 2813 quod
716 2735 867 2793 nihil
892 2739 956 2793 in
984 2743 1161 2793 tanto
1189 2739 1417 2794 circum
1446 2744 1678 2793 terrore
1708 2735 1945 2793 locutus

521 2816 843 2894 indignum
873 2815 1052 2875 Latio
1079 2818 1102 2874 ?
1183 2837 1475 2894 responsa
1503 2817 1667 2894 quod
1696 2818 1886 2875 ardua
1913 2835 2162 2894 semper
2233 2827 2336 2875 295

523 2899 666 2957 Eois
696 2898 959 2968 dederis,
989 2918 1148 2976 quae
1178 2919 1321 2956 mox
1352 2897 1571 2957 effecta
1597 2899 1954 2976 probasti—-

587 3031 607 3061 ¹
641 3030 828 3080 Africa
861 3028 1127 3094 belonged
1164 3034 1221 3080 to
1260 3029 1353 3080 the
1393 3030 1557 3082 West.
1625 3028 1806 3089 Gildo,
1848 3031 1903 3080 in
1935 3029 2028 3080 the
2061 3029 2246 3082 words
2282 3031 2345 3082 of

523 3096 765 3146 Zosimus
788 3094 861 3160 (v.
891 3100 971 3146 11.
995 3099 1069 3161 2),
1106 3099 1344 3157 ἀφίστησι
1379 3099 1466 3156 τὴν
1503 3099 1665 3160 χώραν
1701 3100 1786 3156 τῆς
1818 3095 2045 3159 Ὀνωρίου
2077 3100 2341 3160 βασιλείας

518 3166 597 3212 καὶ
621 3165 682 3225 τῇ
707 3163 959 3225 Ἀρκαδίου
982 3165 1317 3225 προστίθησιν.

526 3247 642 3299 384
