2511 3938
1161 252 1610 312 CLAUDIAN

482 411 606 470 heu
633 415 810 471 nimis
837 416 1121 491 ignavae,
1148 433 1301 491 quas
1332 413 1612 491 Iuppiter
1638 423 1809 472 arcet
1838 412 2129 492 Olymp0,
2227 421 2307 470 50

481 502 858 560 Theodosius
887 505 1085 560 terris.
1167 521 1246 560 en
1274 523 1461 561 aurea
1487 506 1757 562 nascitur
1783 513 1979 573 aetaS,

484 610 563 649 en
588 590 789 669 proles
818 595 1073 669 antiqua
1099 592 1282 650 redit.
1364 592 1721 662 Concordia,
1749 592 1957 651 Virtus

482 701 745 758 cumque
775 681 925 740 Fide
956 680 1161 740 Pietas
1190 680 1317 740 alta
1343 686 1578 740 cervice
1606 691 1910 760 vagantur

480 774 908 848 insignemque
936 781 1166 830 canunt
1192 780 1402 830 nostra
1429 772 1507 830 de
1534 770 1717 849 plebe
1744 770 2145 850 triumphum.

481 879 593 937 pro
621 859 792 918 dolor
818 861 830 918 Ξ
878 864 1013 937 ipsa
1039 860 1188 917 mihi
1214 860 1475 938 liquidas
1503 860 1755 938 delapsa
1780 880 1893 938 per
1919 881 2096 919 auras
2227 869 2302 917 55

482 950 731 1008 Iustitia
756 948 1013 1008 insultat
1039 953 1326 1027 vitiisque
1355 971 1392 1008 a
1419 954 1609 1028 stirpe
1636 954 1841 1009 recisis

484 1039 649 1098 elicit
676 1058 995 1117 oppressas
1023 1040 1352 1098 tenebroso
1379 1060 1621 1098 carcere
1647 1039 1838 1119 leges,

484 1138 550 1188 at
577 1149 687 1188 nos
713 1129 1033 1187 indecores
1059 1128 1243 1208 longo
1271 1130 1651 1207 torpebimus
1680 1150 1831 1188 aevo

483 1219 766 1278 omnibus
795 1222 1032 1277 eiectae
1058 1221 1264 1297 regnis
1292 1220 1305 1276 ἔ
1387 1223 1702 1298 agnoscite
1729 1220 1985 1278 tandem

485 1309 634 1387 quid
662 1309 874 1366 Furias
902 1309 1123 1367 deceat
1149 1327 1165 1378 3
1213 1318 1539 1368 consuetas
1567 1313 1792 1368 sumite
1819 1312 1977 1367 vires
2225 1317 2296 1367 60

483 1407 914 1475 conventuque
941 1396 1115 1456 nefas
1143 1407 1322 1457 tanto
1351 1399 1664 1457 decernite
1693 1398 1970 1476 dignum.

479 1492 606 1547 iam
632 1492 811 1565 cupio
840 1487 1069 1566 Stygiis
1094 1488 1386 1546 invadere
1414 1488 1677 1546 nubibus
1707 1496 1894 1558 astra,

480 1581 607 1636 iam
633 1576 786 1635 flatu
813 1578 1040 1636 violare
1067 1577 1255 1647 diem,
1282 1577 1490 1636 laxare
1516 1576 1822 1654 profundo

483 1666 659 1726 frena
686 1670 861 1736 mari,
887 1665 1100 1725 fluvios
1127 1670 1324 1744 ruptis
1350 1670 1668 1726 inmittere
1694 1670 1841 1745 ripis

485 1766 551 1816 et
566 1777 783 1815 »rerum
809 1775 1035 1814 vexare
1063 1753 1316 1815 fidem.’'

1358 1844 1455 1904 Sic
1481 1844 1615 1904 fata
1642 1854 1967 1904 cruentum
2225 1854 2293 1903 65

485 1938 707 2015 mugiit
735 1943 800 1994 et
827 1943 992 1994 totos
1020 1943 1379 2013 serpentum
1409 1939 1609 1995 erexit
1635 1934 1840 1995 hiatus

484 2030 792 2104 noxiaque
821 2024 1038 2084 effudit
1064 2045 1355 2084 concusso
1382 2029 1547 2084 crine
1575 2046 1835 2084 venena.

487 2135 711 2193 anceps
739 2124 943 2174 motus
973 2124 1107 2173 erat
1133 2114 1322 2193 vulgi.
1399 2134 1539 2192 pars
1567 2119 1837 2173 maxima
1861 2114 2094 2173 bellum

484 2207 701 2265 indicit
726 2209 983 2283 superiS,
1009 2225 1150 2282 pars
1180 2205 1344 2262 Ditis
1370 2208 1505 2263 iura
1531 2214 1800 2275 veretur,

485 2296 887 2373 dissensuque
916 2294 1100 2353 alitur
1124 2315 1333 2352 rumor
1359 2315 1373 2352 ι
1422 2315 1536 2353 ceu
1564 2302 1907 2352 murmurat
1934 2293 2044 2352 alti
2222 2303 2287 2354 70

483 2390 793 2462 impacata
821 2387 993 2462 quies
1019 2383 1247 2463 pelagi,
1275 2404 1415 2443 cum
1442 2383 1689 2442 flamine
1714 2383 1911 2442 fracto

486 2475 669 2534 durat
699 2474 897 2533 adhuc
921 2477 1240 2552 saevitque
1270 2484 1476 2533 tumor
1499 2475 1879 2552 dubiumque
1906 2493 2020 2552 per
2047 2483 2281 2533 aestum

481 2564 645 2623 lassa
670 2564 1018 2622 recedentis
1045 2562 1295 2623 fluitant
1321 2567 1582 2642 vestigia
1608 2568 1800 2622 venti.

564 2655 853 2730 Improba
879 2674 1022 2711 mox
1050 2657 1246 2731 surgit
1273 2657 1435 2712 tristi
1462 2653 1540 2711 de
1567 2653 1716 2711 sede
1746 2653 2069 2731 Megaera,

485 2764 672 2822 quam
698 2763 890 2820 penes
916 2745 1114 2800 insani
1141 2741 1422 2800 fremitus
1451 2746 1761 2820 animique
1787 2741 2077 2820 profanus
2222 2752 2284 2800 75

485 2853 651 2892 error
679 2841 745 2891 et
771 2833 1077 2891 undantes
1105 2835 1334 2910 spumis
1361 2830 1678 2890 furialibus
1703 2835 1832 2890 irae
1860 2852 1875 2890 ι

481 2943 606 2981 non
633 2925 747 2979 nisi
774 2924 1123 2999 quaesitum
1149 2930 1415 3000 cognata
1440 2921 1630 2979 caede
1658 2941 1937 2980 cruorem

480 3012 859 3070 inlicitumve
885 3011 1065 3079 bibit,
1091 3014 1328 3087 patrius
1356 3030 1543 3089 quem
1569 3009 1801 3069 fuderit
1829 3013 2010 3080 ensiS,

486 3199 563 3250 30
