<?xml version="1.0" encoding="UTF-8"?>
<!DOCTYPE html PUBLIC "-//W3C//DTD XHTML 1.0 Transitional//EN"
    "http://www.w3.org/TR/xhtml1/DTD/xhtml1-transitional.dtd">
<html xmlns="http://www.w3.org/1999/xhtml" xml:lang="en" lang="en">
 <head>
  <title>
</title>
<meta http-equiv="Content-Type" content="text/html;charset=utf-8" />
  <meta name='ocr-system' content='tesseract 3.04.00' />
  <meta name='ocr-capabilities' content='ocr_page ocr_carea ocr_par ocr_line ocrx_word'/>
</head>
<body>
  <div class='ocr_page' id='page_1' title='image "./claudianvolume00claugoog_0210.png"; bbox 0 0 2511 3938; ppageno 0'>
   <div class='ocr_carea' id='block_1_1' title="bbox 711 827 2022 1224">
    <p class='ocr_par' dir='ltr' id='par_1_1' title="bbox 711 827 2022 1224">
     <span class='ocr_line' id='line_1_1' title="bbox 1055 827 1697 888; baseline 0 -2"><span class='ocrx_word' id='word_1_1' title='bbox 1055 828 1145 886; x_wconf 89' lang='lat' dir='ltr'>IN</span> <span class='ocrx_word' id='word_1_2' title='bbox 1185 827 1697 888; x_wconf 87' lang='lat' dir='ltr'><strong>EUTROPIUM</strong></span> 
     </span>
     <span class='ocr_line' id='line_1_2' title="bbox 711 986 2022 1048; baseline 0.002 -4"><span class='ocrx_word' id='word_1_3' title='bbox 711 986 959 1045; x_wconf 83' lang='lat' dir='ltr'><strong>LIBER</strong></span> <span class='ocrx_word' id='word_1_4' title='bbox 999 986 1466 1047; x_wconf 83' lang='lat' dir='ltr'><strong>SECUNDUS.</strong></span> <span class='ocrx_word' id='word_1_5' title='bbox 1546 986 2022 1048; x_wconf 83' lang='lat' dir='ltr'><strong>PRAEFATIO</strong></span> 
     </span>
     <span class='ocr_line' id='line_1_3' title="bbox 1265 1144 1491 1224; baseline 0.009 -22"><span class='ocrx_word' id='word_1_6' title='bbox 1265 1144 1491 1224; x_wconf 80' lang='lat' dir='ltr'><strong>(xlx.)</strong></span> 
     </span>
    </p>
   </div>
   <div class='ocr_carea' id='block_1_2' title="bbox 467 1303 1977 2267">
    <p class='ocr_par' dir='ltr' id='par_1_2' title="bbox 476 1303 1977 1479">
     <span class='ocr_line' id='line_1_4' title="bbox 476 1303 1977 1376; baseline 0 -14"><span class='ocrx_word' id='word_1_7' title='bbox 476 1303 598 1376; x_wconf 85' lang='lat' dir='ltr'>Qui</span> <span class='ocrx_word' id='word_1_8' title='bbox 624 1304 807 1363; x_wconf 93' lang='lat' dir='ltr'>modo</span> <span class='ocrx_word' id='word_1_9' title='bbox 835 1303 1123 1362; x_wconf 87' lang='lat' dir='ltr'>sublimes</span> <span class='ocrx_word' id='word_1_10' title='bbox 1150 1323 1356 1362; x_wconf 92' lang='lat' dir='ltr'>rerum</span> <span class='ocrx_word' id='word_1_11' title='bbox 1382 1303 1679 1362; x_wconf 90' lang='lat' dir='ltr'>flectebat</span> <span class='ocrx_word' id='word_1_12' title='bbox 1704 1304 1977 1363; x_wconf 85' lang='lat' dir='ltr'><strong>habenas</strong></span> 
     </span>
     <span class='ocr_line' id='line_1_5' title="bbox 549 1402 1796 1479; baseline 0 -19"><span class='ocrx_word' id='word_1_13' title='bbox 549 1405 861 1479; x_wconf 80' lang='lat' dir='ltr'>patriciuS‚</span> <span class='ocrx_word' id='word_1_14' title='bbox 887 1422 1127 1459; x_wconf 89' lang='lat' dir='ltr'>rursum</span> <span class='ocrx_word' id='word_1_15' title='bbox 1153 1402 1412 1460; x_wconf 89' lang='lat' dir='ltr'>verbera</span> <span class='ocrx_word' id='word_1_16' title='bbox 1436 1409 1587 1460; x_wconf 90' lang='lat' dir='ltr'>nota</span> <span class='ocrx_word' id='word_1_17' title='bbox 1612 1404 1796 1460; x_wconf 88' lang='lat' dir='ltr'>timet</span> 
     </span>
    </p>

    <p class='ocr_par' dir='ltr' id='par_1_3' title="bbox 473 1499 1875 1676">
     <span class='ocr_line' id='line_1_6' title="bbox 473 1499 1875 1578; baseline 0.001 -21"><span class='ocrx_word' id='word_1_18' title='bbox 473 1508 541 1559; x_wconf 91' lang='lat' dir='ltr'>et</span> <span class='ocrx_word' id='word_1_19' title='bbox 566 1499 774 1559; x_wconf 90' lang='lat' dir='ltr'>solitos</span> <span class='ocrx_word' id='word_1_20' title='bbox 801 1500 1017 1559; x_wconf 85' lang='lat' dir='ltr'><strong>tardae</strong></span> <span class='ocrx_word' id='word_1_21' title='bbox 1043 1520 1331 1578; x_wconf 88' lang='lat' dir='ltr'>passurus</span> <span class='ocrx_word' id='word_1_22' title='bbox 1357 1500 1669 1578; x_wconf 87' lang='lat' dir='ltr'>compedis</span> <span class='ocrx_word' id='word_1_23' title='bbox 1697 1501 1875 1558; x_wconf 90' lang='lat' dir='ltr'>orbes</span> 
     </span>
     <span class='ocr_line' id='line_1_7' title="bbox 548 1597 1800 1676; baseline 0.001 -20"><span class='ocrx_word' id='word_1_24' title='bbox 548 1602 612 1656; x_wconf 92' lang='lat' dir='ltr'>in</span> <span class='ocrx_word' id='word_1_25' title='bbox 639 1599 914 1657; x_wconf 89' lang='lat' dir='ltr'>dominos</span> <span class='ocrx_word' id='word_1_26' title='bbox 942 1618 1128 1656; x_wconf 90' lang='lat' dir='ltr'>vanas</span> <span class='ocrx_word' id='word_1_27' title='bbox 1154 1597 1331 1676; x_wconf 87' lang='lat' dir='ltr'>luget</span> <span class='ocrx_word' id='word_1_28' title='bbox 1359 1599 1556 1656; x_wconf 91' lang='lat' dir='ltr'>abisse</span> <span class='ocrx_word' id='word_1_29' title='bbox 1583 1601 1800 1657; x_wconf 75' lang='lat' dir='ltr'>minas·</span> 
     </span>
    </p>

    <p class='ocr_par' dir='ltr' id='par_1_4' title="bbox 471 1695 1776 1863">
     <span class='ocr_line' id='line_1_8' title="bbox 471 1695 1776 1774; baseline 0 -20"><span class='ocrx_word' id='word_1_30' title='bbox 471 1695 735 1755; x_wconf 76' lang='lat' dir='ltr'>culmine</span> <span class='ocrx_word' id='word_1_31' title='bbox 761 1696 1074 1754; x_wconf 90' lang='lat' dir='ltr'>deiectum</span> <span class='ocrx_word' id='word_1_32' title='bbox 1100 1699 1266 1754; x_wconf 90' lang='lat' dir='ltr'>vitae</span> <span class='ocrx_word' id='word_1_33' title='bbox 1296 1697 1567 1754; x_wconf 85' lang='lat' dir='ltr'>Fortuna</span> <span class='ocrx_word' id='word_1_34' title='bbox 1591 1699 1776 1774; x_wconf 87' lang='lat' dir='ltr'>priori</span> 
     </span>
     <span class='ocr_line' id='line_1_9' title="bbox 547 1794 1661 1863; baseline 0.002 -12"><span class='ocrx_word' id='word_1_35' title='bbox 547 1794 838 1863; x_wconf 83' lang='lat' dir='ltr'>reddidit,</span> <span class='ocrx_word' id='word_1_36' title='bbox 862 1798 1077 1852; x_wconf 91' lang='lat' dir='ltr'>insano</span> <span class='ocrx_word' id='word_1_37' title='bbox 1102 1796 1227 1852; x_wconf 90' lang='lat' dir='ltr'>iam</span> <span class='ocrx_word' id='word_1_38' title='bbox 1254 1797 1482 1853; x_wconf 90' lang='lat' dir='ltr'>satiata</span> <span class='ocrx_word' id='word_1_39' title='bbox 1506 1797 1661 1853; x_wconf 86' lang='lat' dir='ltr'>ioco.</span> 
     </span>
    </p>

    <p class='ocr_par' dir='ltr' id='par_1_5' title="bbox 469 1891 1860 2070">
     <span class='ocr_line' id='line_1_10' title="bbox 469 1891 1860 1972; baseline 0.001 -22"><span class='ocrx_word' id='word_1_40' title='bbox 469 1892 746 1951; x_wconf 86' lang='lat' dir='ltr'>scindere</span> <span class='ocrx_word' id='word_1_41' title='bbox 774 1913 934 1950; x_wconf 92' lang='lat' dir='ltr'>nunc</span> <span class='ocrx_word' id='word_1_42' title='bbox 962 1891 1080 1951; x_wconf 89' lang='lat' dir='ltr'>alia</span> <span class='ocrx_word' id='word_1_43' title='bbox 1106 1893 1445 1952; x_wconf 82' lang='lat' dir='ltr'>meditatur</span> <span class='ocrx_word' id='word_1_44' title='bbox 1471 1891 1638 1972; x_wconf 87' lang='lat' dir='ltr'>ligna</span> <span class='ocrx_word' id='word_1_45' title='bbox 1664 1898 1860 1951; x_wconf 88' lang='lat' dir='ltr'>securi</span> 
     </span>
     <span class='ocr_line' id='line_1_11' title="bbox 545 1990 1795 2070; baseline 0.002 -22"><span class='ocrx_word' id='word_1_46' title='bbox 545 1990 809 2049; x_wconf 86' lang='lat' dir='ltr'>fascibus</span> <span class='ocrx_word' id='word_1_47' title='bbox 839 2000 905 2050; x_wconf 92' lang='lat' dir='ltr'>et</span> <span class='ocrx_word' id='word_1_48' title='bbox 931 1992 1187 2051; x_wconf 91' lang='lat' dir='ltr'>tandem</span> <span class='ocrx_word' id='word_1_49' title='bbox 1213 1990 1466 2070; x_wconf 89' lang='lat' dir='ltr'>vapulat</span> <span class='ocrx_word' id='word_1_50' title='bbox 1491 1995 1623 2069; x_wconf 91' lang='lat' dir='ltr'>ipse</span> <span class='ocrx_word' id='word_1_51' title='bbox 1652 1995 1795 2051; x_wconf 75' lang='lat' dir='ltr'>suis·</span> 
     </span>
    </p>

    <p class='ocr_par' dir='ltr' id='par_1_6' title="bbox 467 2089 1857 2267">
     <span class='ocr_line' id='line_1_12' title="bbox 467 2089 1857 2168; baseline 0.002 -21"><span class='ocrx_word' id='word_1_52' title='bbox 467 2089 569 2148; x_wconf 89' lang='lat' dir='ltr'>ille</span> <span class='ocrx_word' id='word_1_53' title='bbox 596 2094 748 2150; x_wconf 90' lang='lat' dir='ltr'>citas</span> <span class='ocrx_word' id='word_1_54' title='bbox 776 2089 985 2149; x_wconf 90' lang='lat' dir='ltr'>consul</span> <span class='ocrx_word' id='word_1_55' title='bbox 1009 2110 1240 2168; x_wconf 86' lang='lat' dir='ltr'>poenas</span> <span class='ocrx_word' id='word_1_56' title='bbox 1268 2111 1335 2149; x_wconf 91' lang='lat' dir='ltr'>se</span> <span class='ocrx_word' id='word_1_57' title='bbox 1362 2089 1608 2148; x_wconf 92' lang='lat' dir='ltr'>consule</span> <span class='ocrx_word' id='word_1_58' title='bbox 1636 2090 1816 2150; x_wconf 87' lang='lat' dir='ltr'>solvit</span> <span class='ocrx_word' id='word_1_59' title='bbox 1843 2111 1857 2150; x_wconf 74' lang='grc' dir='ltr'><strong>ε</strong></span> 
     </span>
     <span class='ocr_line' id='line_1_13' title="bbox 547 2188 1773 2267; baseline 0 -20"><span class='ocrx_word' id='word_1_60' title='bbox 547 2210 740 2248; x_wconf 90' lang='lat' dir='ltr'>annus</span> <span class='ocrx_word' id='word_1_61' title='bbox 768 2193 873 2267; x_wconf 91' lang='lat' dir='ltr'>qui</span> <span class='ocrx_word' id='word_1_62' title='bbox 900 2191 1146 2249; x_wconf 88' lang='lat' dir='ltr'>trabeas</span> <span class='ocrx_word' id='word_1_63' title='bbox 1174 2190 1273 2248; x_wconf 92' lang='lat' dir='ltr'>hic</span> <span class='ocrx_word' id='word_1_64' title='bbox 1300 2189 1475 2247; x_wconf 92' lang='lat' dir='ltr'>dedit</span> <span class='ocrx_word' id='word_1_65' title='bbox 1503 2188 1773 2247; x_wconf 87' lang='lat' dir='ltr'>exilium.</span> 
     </span>
    </p>
   </div>
   <div class='ocr_carea' id='block_1_3' title="bbox 467 2288 2071 2367">
    <p class='ocr_par' dir='ltr' id='par_1_7' title="bbox 467 2288 2071 2367">
     <span class='ocr_line' id='line_1_14' title="bbox 467 2288 2071 2367; baseline 0 -20"><span class='ocrx_word' id='word_1_66' title='bbox 467 2288 805 2347; x_wconf 90' lang='lat' dir='ltr'>infaustum</span> <span class='ocrx_word' id='word_1_67' title='bbox 830 2288 1070 2367; x_wconf 90' lang='lat' dir='ltr'>populis</span> <span class='ocrx_word' id='word_1_68' title='bbox 1095 2292 1160 2346; x_wconf 92' lang='lat' dir='ltr'>in</span> <span class='ocrx_word' id='word_1_69' title='bbox 1187 2308 1253 2347; x_wconf 92' lang='lat' dir='ltr'>se</span> <span class='ocrx_word' id='word_1_70' title='bbox 1283 2308 1528 2366; x_wconf 93' lang='lat' dir='ltr'>quoque</span> <span class='ocrx_word' id='word_1_71' title='bbox 1556 2292 1820 2347; x_wconf 89' lang='lat' dir='ltr'>vertitur</span> <span class='ocrx_word' id='word_1_72' title='bbox 1846 2309 2029 2347; x_wconf 91' lang='lat' dir='ltr'>omen</span> <span class='ocrx_word' id='word_1_73' title='bbox 2055 2309 2071 2359; x_wconf 92' lang='lat'>;</span> 
     </span>
    </p>
   </div>
   <div class='ocr_carea' id='block_1_4' title="bbox 464 2386 1942 2951">
    <p class='ocr_par' dir='ltr' id='par_1_8' title="bbox 468 2386 1816 2564">
     <span class='ocr_line' id='line_1_15' title="bbox 544 2386 1816 2466; baseline -0.001 -20"><span class='ocrx_word' id='word_1_74' title='bbox 544 2391 740 2446; x_wconf 89' lang='lat' dir='ltr'>saevit</span> <span class='ocrx_word' id='word_1_75' title='bbox 764 2391 828 2446; x_wconf 90' lang='lat' dir='ltr'>in</span> <span class='ocrx_word' id='word_1_76' title='bbox 856 2397 1170 2446; x_wconf 89' lang='lat' dir='ltr'>auctorem</span> <span class='ocrx_word' id='word_1_77' title='bbox 1194 2387 1576 2466; x_wconf 85' lang='lat' dir='ltr'>prodigiosus</span> <span class='ocrx_word' id='word_1_78' title='bbox 1603 2386 1816 2445; x_wconf 76' lang='lat' dir='ltr'>honos·</span> 
     </span>
     <span class='ocr_line' id='line_1_16' title="bbox 468 2485 1730 2564; baseline -0.002 -18"><span class='ocrx_word' id='word_1_79' title='bbox 468 2486 681 2546; x_wconf 87' lang='lat' dir='ltr'>abluto</span> <span class='ocrx_word' id='word_1_80' title='bbox 705 2491 953 2564; x_wconf 90' lang='lat' dir='ltr'>penitus</span> <span class='ocrx_word' id='word_1_81' title='bbox 980 2490 1284 2564; x_wconf 88' lang='lat' dir='ltr'>respirant</span> <span class='ocrx_word' id='word_1_82' title='bbox 1311 2489 1557 2544; x_wconf 91' lang='lat' dir='ltr'>nomine</span> <span class='ocrx_word' id='word_1_83' title='bbox 1584 2485 1730 2544; x_wconf 90' lang='lat' dir='ltr'>fasti</span> 
     </span>
    </p>

    <p class='ocr_par' dir='ltr' id='par_1_9' title="bbox 464 2584 1819 2761">
     <span class='ocr_line' id='line_1_17' title="bbox 544 2584 1802 2663; baseline 0 -20"><span class='ocrx_word' id='word_1_84' title='bbox 544 2594 973 2663; x_wconf 88' lang='lat' dir='ltr'>maturamque</span> <span class='ocrx_word' id='word_1_85' title='bbox 1001 2585 1167 2643; x_wconf 90' lang='lat' dir='ltr'>luem</span> <span class='ocrx_word' id='word_1_86' title='bbox 1194 2587 1397 2643; x_wconf 90' lang='lat' dir='ltr'>sanior</span> <span class='ocrx_word' id='word_1_87' title='bbox 1424 2584 1565 2643; x_wconf 90' lang='lat' dir='ltr'>aula</span> <span class='ocrx_word' id='word_1_88' title='bbox 1590 2588 1802 2643; x_wconf 89' lang='lat' dir='ltr'>vomit.</span> 
     </span>
     <span class='ocr_line' id='line_1_18' title="bbox 464 2683 1819 2761; baseline -0.002 -18"><span class='ocrx_word' id='word_1_89' title='bbox 464 2683 851 2743; x_wconf 51' lang='lat' dir='ltr'>‘dissimulant</span> <span class='ocrx_word' id='word_1_90' title='bbox 877 2688 1021 2742; x_wconf 90' lang='lat' dir='ltr'>socii</span> <span class='ocrx_word' id='word_1_91' title='bbox 1048 2687 1471 2761; x_wconf 90' lang='lat' dir='ltr'>coniuratique</span> <span class='ocrx_word' id='word_1_92' title='bbox 1498 2683 1819 2753; x_wconf 87' lang='lat' dir='ltr'>recedunt,</span> 
     </span>
    </p>

    <p class='ocr_par' dir='ltr' id='par_1_10' title="bbox 466 2783 1942 2951">
     <span class='ocr_line' id='line_1_19' title="bbox 542 2783 1942 2861; baseline -0.001 -19"><span class='ocrx_word' id='word_1_93' title='bbox 542 2785 888 2861; x_wconf 89' lang='lat' dir='ltr'>procumbit</span> <span class='ocrx_word' id='word_1_94' title='bbox 912 2786 1145 2861; x_wconf 89' lang='lat' dir='ltr'>pariter</span> <span class='ocrx_word' id='word_1_95' title='bbox 1170 2803 1312 2841; x_wconf 92' lang='lat' dir='ltr'>cum</span> <span class='ocrx_word' id='word_1_96' title='bbox 1339 2783 1494 2841; x_wconf 90' lang='lat' dir='ltr'>duce</span> <span class='ocrx_word' id='word_1_97' title='bbox 1523 2791 1659 2841; x_wconf 90' lang='lat' dir='ltr'>tota</span> <span class='ocrx_word' id='word_1_98' title='bbox 1686 2783 1899 2841; x_wconf 92' lang='lat' dir='ltr'>cohors</span> <span class='ocrx_word' id='word_1_99' title='bbox 1926 2802 1942 2852; x_wconf 82' lang='lat'><em>3</em></span> 
     </span>
     <span class='ocr_line' id='line_1_20' title="bbox 466 2881 1686 2951; baseline -0.003 -9"><span class='ocrx_word' id='word_1_100' title='bbox 466 2904 588 2942; x_wconf 90' lang='lat' dir='ltr'>non</span> <span class='ocrx_word' id='word_1_101' title='bbox 617 2885 745 2940; x_wconf 88' lang='lat' dir='ltr'>acie</span> <span class='ocrx_word' id='word_1_102' title='bbox 772 2885 939 2951; x_wconf 88' lang='lat' dir='ltr'>victi,</span> <span class='ocrx_word' id='word_1_103' title='bbox 967 2902 1089 2940; x_wconf 91' lang='lat' dir='ltr'>non</span> <span class='ocrx_word' id='word_1_104' title='bbox 1117 2881 1420 2939; x_wconf 90' lang='lat' dir='ltr'>seditione</span> <span class='ocrx_word' id='word_1_105' title='bbox 1447 2884 1645 2939; x_wconf 89' lang='lat' dir='ltr'>coacti</span> <span class='ocrx_word' id='word_1_106' title='bbox 1671 2899 1686 2950; x_wconf 84' lang='lat'><em>3</em></span> 
     </span>
    </p>
   </div>
   <div class='ocr_carea' id='block_1_5' title="bbox 463 2979 1960 3239">
    <p class='ocr_par' dir='ltr' id='par_1_11' title="bbox 463 2979 1960 3239">
     <span class='ocr_line' id='line_1_21' title="bbox 541 2979 1671 3054; baseline -0.002 -20"><span class='ocrx_word' id='word_1_107' title='bbox 541 2997 656 3035; x_wconf 90' lang='lat' dir='ltr'>nec</span> <span class='ocrx_word' id='word_1_108' title='bbox 683 2984 948 3054; x_wconf 89' lang='lat' dir='ltr'>pereunt</span> <span class='ocrx_word' id='word_1_109' title='bbox 973 2979 1096 3035; x_wconf 90' lang='lat' dir='ltr'>ritu</span> <span class='ocrx_word' id='word_1_110' title='bbox 1125 2996 1246 3053; x_wconf 93' lang='lat' dir='ltr'>quo</span> <span class='ocrx_word' id='word_1_111' title='bbox 1273 2979 1512 3053; x_wconf 90' lang='lat' dir='ltr'>periere</span> <span class='ocrx_word' id='word_1_112' title='bbox 1539 2979 1671 3032; x_wconf 89' lang='lat' dir='ltr'>viri.</span> 
     </span>
     <span class='ocr_line' id='line_1_22' title="bbox 463 3068 1960 3148; baseline -0.002 -18"><span class='ocrx_word' id='word_1_113' title='bbox 463 3071 727 3130; x_wconf 85' lang='lat' dir='ltr'>concidit</span> <span class='ocrx_word' id='word_1_114' title='bbox 757 3074 1017 3148; x_wconf 85' lang='lat' dir='ltr'>exiguae</span> <span class='ocrx_word' id='word_1_115' title='bbox 1046 3070 1363 3128; x_wconf 90' lang='lat' dir='ltr'>dementia</span> <span class='ocrx_word' id='word_1_116' title='bbox 1388 3068 1639 3126; x_wconf 89' lang='lat' dir='ltr'>vulnere</span> <span class='ocrx_word' id='word_1_117' title='bbox 1667 3068 1918 3127; x_wconf 90' lang='lat' dir='ltr'>chartae</span> <span class='ocrx_word' id='word_1_118' title='bbox 1945 3088 1960 3138; x_wconf 84' lang='lat'><em>3</em></span> 
     </span>
     <span class='ocr_line' id='line_1_23' title="bbox 542 3150 1776 3239; baseline -0.002 -16"><span class='ocrx_word' id='word_1_119' title='bbox 542 3163 806 3223; x_wconf 88' lang='lat' dir='ltr'>confecit</span> <span class='ocrx_word' id='word_1_120' title='bbox 832 3183 1083 3222; x_wconf 91' lang='lat' dir='ltr'>saevum</span> <span class='ocrx_word' id='word_1_121' title='bbox 1109 3162 1321 3220; x_wconf 85' lang='lat' dir='ltr'>littera</span> <span class='ocrx_word' id='word_1_122' title='bbox 1351 3150 1573 3221; x_wconf 76' lang='lat' dir='ltr'>Martis</span> <span class='ocrx_word' id='word_1_123' title='bbox 1602 3182 1776 3239; x_wconf 75' lang='lat' dir='ltr'>opus·</span> 
     </span>
    </p>
   </div>
   <div class='ocr_carea' id='block_1_6' title="bbox 471 3262 581 3320">
    <p class='ocr_par' dir='ltr' id='par_1_12' title="bbox 471 3262 581 3320">
     <span class='ocr_line' id='line_1_24' title="bbox 471 3262 581 3320; baseline 0.027 -3"><span class='ocrx_word' id='word_1_124' title='bbox 471 3262 581 3320; x_wconf 83' lang='lat'>178</span> 
     </span>
    </p>
   </div>
   <div class='ocr_carea' id='block_1_7' title="bbox 2213 2203 2279 2251">
    <p class='ocr_par' dir='ltr' id='par_1_13' title="bbox 2213 2203 2279 2251">
     <span class='ocr_line' id='line_1_25' title="bbox 2213 2203 2279 2251; baseline 0.015 -1"><span class='ocrx_word' id='word_1_125' title='bbox 2213 2203 2279 2251; x_wconf 92' lang='grc'>10</span> 
     </span>
    </p>
   </div>
   <div class='ocr_carea' id='block_1_8' title="bbox 2208 2694 2274 2744">
    <p class='ocr_par' dir='ltr' id='par_1_14' title="bbox 2208 2694 2274 2744">
     <span class='ocr_line' id='line_1_26' title="bbox 2208 2694 2274 2744; baseline 0.015 -1"><span class='ocrx_word' id='word_1_126' title='bbox 2208 2694 2274 2744; x_wconf 85' lang='grc'>15</span> 
     </span>
    </p>
   </div>
   <div class='ocr_carea' id='block_1_9' title="bbox 2201 3175 2273 3224">
    <p class='ocr_par' dir='ltr' id='par_1_15' title="bbox 2201 3175 2273 3224">
     <span class='ocr_line' id='line_1_27' title="bbox 2201 3175 2273 3224; baseline 0.014 -1"><span class='ocrx_word' id='word_1_127' title='bbox 2201 3175 2273 3224; x_wconf 86' lang='grc'>20</span> 
     </span>
    </p>
   </div>
  </div>
 </body>
</html>
