2511 3938
1169 350 1618 410 CLAUDIAN

571 509 841 580 Gemite,
869 529 1055 588 quem
1085 509 1279 570 Latiis
1305 519 1565 588 poscant
1591 511 1922 570 adnectere
1950 509 2126 569 fastis
2155 532 2169 569 t

493 607 662 662 cuius
691 614 758 664 et
785 605 1093 664 eunuchos
1118 606 1345 683 puduit
1371 607 1383 664 Ξ
1465 606 1578 665 sed
1603 606 1775 665 vilior
1802 614 1948 665 ante

493 700 787 758 obscurae
813 699 997 758 latuit
1022 721 1163 777 pars
1189 704 1574 779 ignotissima
1600 702 1843 771 turbae,

493 793 689 853 donec
715 795 1077 853 Abundanti
1103 794 1460 873 furiis-qui
1487 796 1670 854 rebus
1697 796 1841 854 Eois

495 892 753 947 exitium
779 893 1169 968 primumque
1201 891 1315 948 sibi
1343 890 1799 968 produxit—ab
1828 893 1965 948 imis
2202 899 2298 946 155

494 992 742 1043 evectus
769 984 1055 1043 thalamis
1082 1004 1351 1043 summos
1376 988 1600 1044 invasit
1625 984 1908 1044 honores,

491 1098 679 1156 quam
704 1080 865 1138 bene
893 1080 1254 1157 dispositum
1282 1083 1482 1149 terriS,
1510 1088 1582 1138 ut
1607 1079 1829 1158 dignus
1854 1082 2051 1157 iniqui

490 1172 725 1232 fructus
752 1174 983 1234 consilii
1007 1178 1217 1252 primis
1246 1175 1595 1234 auctoribus
1621 1178 1835 1233 instet.

491 1271 577 1326 sic
602 1267 828 1327 multos
855 1267 1038 1326 fluvio
1065 1277 1238 1328 vates
1268 1276 1483 1326 arente
1509 1288 1623 1345 per
1649 1287 1839 1326 annos

491 1360 734 1439 hospite
762 1366 867 1440 qui
893 1382 1071 1421 caeso
1098 1366 1339 1421 monuit
1362 1362 1607 1440 placare
1633 1362 2002 1431 Tonantem,
2200 1370 2298 1419 160

489 1459 772 1515 inventas
796 1461 1027 1535 primus
1052 1457 1343 1516 Busiridis
1369 1458 1591 1516 imbuit
1617 1478 1751 1515 aras

492 1560 559 1610 et
584 1553 806 1611 cecidit
833 1556 1019 1622 saevi,
1047 1552 1213 1630 quod
1239 1553 1503 1622 dixerat,
1531 1553 1732 1610 hostia
1759 1556 1931 1611 sacri.

491 1650 575 1705 sic
602 1646 810 1723 opifex
837 1650 999 1705 tauri
1026 1655 1598 1724 tormentorumque
1625 1656 1925 1723 repertor,

490 1745 596 1819 qui
621 1740 870 1801 funesta
895 1762 1053 1800 novo
1078 1740 1489 1800 fabricaverat
1515 1761 1659 1799 aera
1686 1740 1898 1811 dolori,

487 1840 719 1914 primus
745 1840 1139 1914 inexpertum
1165 1835 1366 1895 Siculo
1393 1845 1656 1915 cogente
1684 1845 1948 1915 tyranno
1981 1855 1984 1858 ·
2196 1846 2296 1894 165

490 1935 681 1990 sensit
708 1952 860 2009 opus
889 1931 1220 2009 docuitque
1248 1951 1428 1989 suum
1454 1935 1692 2010 mugire
1720 1935 2065 1990 iuvencum.

489 2026 709 2085 nullius
736 2028 1090 2105 Eutropius,
1118 2047 1305 2106 quam
1334 2031 1439 2105 qui
1466 2047 1532 2086 se
1559 2027 1838 2105 protulit,
1866 2036 2013 2085 ante

487 2121 760 2199 direptas
786 2121 1062 2199 possedit
1088 2142 1235 2200 opes
1264 2121 1623 2201 nullumque
1648 2126 1915 2200 priorem

486 2216 749 2294 perculit
776 2216 958 2276 exilio
985 2216 1305 2294 solumque
1332 2216 1448 2276 hoc
1473 2221 1592 2275 rite
1618 2221 1884 2295 peregit,

489 2319 803 2371 auctorem
831 2312 1124 2370 damnare
1151 2331 1353 2370 suum.

1408 2409 1744 2488 Postquam
1762 2410 1996 2468 obsitus
2015 2429 2168 2468 aevo
2193 2419 2294 2468 170

487 2506 732 2562 semivir
759 2503 1063 2561 excelsam
1089 2524 1297 2561 rerum
1324 2503 1599 2563 sublatus
1626 2508 1691 2562 in
1719 2524 1942 2574 arcem,

488 2599 655 2677 quod
679 2618 794 2656 nec
821 2607 966 2657 vota
990 2601 1124 2676 pati
1151 2618 1266 2656 nec
1294 2598 1526 2677 fingere
1555 2602 1789 2657 somnia
1814 2606 2091 2676 possunt,

484 2693 642 2751 vidit
667 2694 781 2750 sub
806 2692 1067 2769 pedibus
1094 2690 1265 2769 leges
1294 2693 1694 2770 subiectaque
1721 2692 1875 2750 colla

486 2787 780 2846 nobilium
807 2795 1177 2864 tantumque
1205 2788 1320 2846 sibi
1345 2791 1710 2865 permittere
1736 2785 1890 2857 fata,

485 2885 588 2960 qui
617 2881 768 2939 nihil
793 2889 1072 2959 optasset
1096 2881 1232 2958 plus
1259 2881 1551 2940 libertate
1578 2884 1821 2950 mereri,
2194 2890 2297 2939 175

552 3075 573 3105 ²
611 3074 696 3137 By
722 3073 867 3123 birth
895 3088 929 3122 a
958 3072 1236 3136 Scythian.
1309 3072 1543 3123 Entered
1570 3073 1662 3122 the
1694 3069 1906 3122 Roman
1934 3088 2091 3137 army
2119 3074 2297 3126 under

483 3141 710 3192 Gratian
758 3137 867 3188 and
915 3137 1143 3188 reached
1189 3139 1282 3188 the
1329 3140 1560 3203 position
1609 3137 1670 3187 of
1712 3140 1965 3201 mayister
2010 3141 2296 3204 utriusque

480 3207 709 3256 militiae
739 3203 910 3253 under
937 3202 1286 3254 TheodosiuS.
1359 3204 1558 3253 Consul
1589 3206 1643 3253 in
1671 3207 1773 3253 393
1803 3203 2022 3266 (Zosim.
2047 3222 2098 3255 v.
2129 3210 2210 3257 10.
2237 3208 2294 3270 5)

490 3292 602 3341 150
