2511 3938
707 918 798 977 IN
839 920 1245 981 RUFINUM
1290 921 1540 981 LIBER
1579 920 2027 982 SECUNDUS

997 1080 1286 1134 INCIPIT
1324 1080 1750 1134 PRAEFATIO

1306 1228 1445 1307 (IV)

468 1384 730 1445 Pandite
758 1384 1082 1445 defensum
1109 1386 1366 1445 reduces
1395 1384 1694 1444 Helicona
1719 1405 1977 1456 sorores,

542 1469 798 1544 pandite
825 1487 841 1538 3
887 1472 1197 1546 permissis
1223 1472 1350 1526 iam
1373 1467 1520 1526 licet
1545 1471 1635 1525 ire
1662 1467 1858 1525 choris
1887 1488 1901 1525 :

464 1548 632 1607 nulla
656 1569 769 1627 per
795 1549 1025 1608 Aonios
1052 1549 1288 1608 hostilis
1313 1550 1537 1608 bucina
1563 1569 1809 1627 campos

543 1635 812 1689 carmina
837 1634 1081 1709 mugitu
1108 1632 1417 1690 deteriore
1443 1639 1639 1690 vetat.

464 1719 536 1770 tu
564 1731 810 1790 quoque
838 1716 1063 1770 securis
1088 1711 1267 1790 pulsa
1291 1710 1616 1771 formidine
1646 1711 1905 1790 Delphis
2243 1720 2276 1768 5

542 1792 789 1852 floribus
818 1793 1102 1863 ultorem,
1132 1792 1335 1863 Delie,
1362 1797 1540 1871 cinge
1568 1802 1767 1852 tuum.

465 1875 665 1934 nullus
694 1874 992 1933 Castalios
1017 1874 1232 1934 latices
1262 1883 1328 1933 et
1352 1878 1629 1952 praescia
1654 1874 1770 1934 fati

540 1955 793 2015 flumina
818 1955 1054 2035 polluto
1080 1957 1378 2016 barbarus
1401 1975 1510 2015 ore
1536 1958 1716 2017 bibit.

463 2038 741 2117 Alpheus
767 2038 895 2097 late
921 2040 1134 2098 rubuit
1160 2038 1553 2117 Siculumque
1580 2059 1692 2117 per
1719 2059 1951 2117 aequor

540 2124 908 2199 sanguineas
935 2119 1081 2179 belli
1105 2120 1353 2179 rettulit
1380 2122 1547 2180 unda
1573 2130 1751 2180 notas
2212 2129 2276 2178 10

467 2209 842 2280 agnovitque
869 2222 1057 2260 novos
1086 2203 1306 2261 absens
1334 2203 1645 2261 Arethusa
1672 2202 2015 2280 triumphos

544 2293 611 2343 et
639 2283 924 2343 Geticam
949 2287 1143 2343 sensit
1169 2292 1336 2343 teste
1362 2304 1575 2343 cruore
1603 2304 1841 2343 necem.

468 2445 790 2517 InmensiS,
817 2445 1092 2517 Stilicho,
1119 2447 1453 2506 succedant
1479 2451 1608 2505 otia
1632 2451 1790 2505 curis

544 2536 610 2585 et
635 2537 882 2586 nostrae
907 2531 1152 2605 patiens
1180 2528 1365 2588 corda
1389 2532 1641 2588 remitte
1667 2528 1859 2607 lyrae,

465 2628 580 2667 nec
605 2609 843 2687 pudeat
866 2609 1081 2688 longos
1106 2613 1506 2687 interrupisse
1531 2610 1771 2669 labores
2210 2619 2274 2667 15

544 2699 610 2749 et
637 2699 894 2748 tenuem
923 2690 1119 2750 Musis
1145 2695 1535 2751 constituisse
1561 2712 1817 2750 moram.
2309 2697 2312 2698 ’

466 2769 664 2830 fertur
692 2781 759 2830 et
783 2773 1118 2831 indomitus
1145 2773 1402 2831 tandem
1427 2782 1570 2851 post
1594 2772 1827 2851 proelia
1856 2772 2105 2831 Mavors

542 2851 700 2911 lassa
725 2873 838 2931 per
865 2853 1158 2932 Odrysias
1184 2853 1446 2913 fundere
1472 2856 1752 2914 membra
1777 2858 1948 2913 nives

466 2934 818 3012 oblitusque
845 2939 938 2994 sui
962 2939 1167 3013 posita
1192 2936 1554 2995 clementior
1580 2936 1759 2995 hasta

544 3015 755 3075 Pieriis
783 3037 960 3075 aures
986 3018 1309 3095 pacificare
1335 3017 1553 3076 modis,
2204 3025 2272 3074 20

534 3139 555 3168 1
590 3139 642 3188 A
669 3138 936 3188 reference
959 3143 1017 3189 to
1044 3138 1313 3189 Stilicho’s
1338 3142 1627 3205 campaign
1652 3144 1868 3206 against
1892 3143 2074 3193 Alaric
2100 3145 2155 3192 in
2180 3143 2273 3193 the

467 3204 832 3269 Peloponnese
857 3206 912 3254 in
937 3207 1037 3255 397
1065 3204 1175 3269 (see
1201 3204 1589 3266 Introduction,
1616 3223 1669 3272 p.
1698 3206 1771 3271 x).

469 3283 547 3342 56
