2511 3938
1173 341 1621 401 CLAUDIAN

499 499 610 558 sed
637 499 852 561 didicit
878 521 1001 559 non
1028 500 1410 579 Aethiopum
1436 505 1753 579 geminata
1779 505 2031 559 venenis

498 588 771 659 vulnera,
800 610 924 648 non
952 588 1159 648 fusum
1187 591 1414 648 crebris
1444 590 1763 648 hastilibus
1792 591 2075 660 imbrem,

499 697 622 736 non
653 681 933 756 equitum
960 680 1199 737 nimbos
1231 678 1425 737 Latiis
1455 680 1753 737 obsistere
1781 679 1938 757 pilis.

499 770 794 825 sternitur
819 770 1074 845 ignavus
1104 767 1435 837 Nasamon,
1462 788 1576 827 nec
1603 768 1832 846 spicula
1858 768 2121 846 supplex

493 859 620 914 iam
649 864 900 935 torquet
930 856 1225 916 Garamas
1252 876 1269 927 3
1319 866 1613 935 repetunt
1642 858 1888 916 deserta
1914 857 2171 936 fugaces
2205 868 2313 917 355

448 979 456 986 ·
501 945 819 1005 Autololes
846 965 862 1016 3
910 947 1167 1025 pavidus
1196 951 1454 1024 proiecit
1481 947 1707 1006 missile
1739 947 1985 1005 Mazax.

497 1036 893 1113 cornipedem
923 1036 1178 1095 Maurus
1205 1040 1581 1116 nequiquam
1607 1036 1889 1096 hortatur
1916 1037 2212 1096 anhelum
2240 1058 2258 1108 3

498 1127 878 1204 praedonem
905 1125 1111 1186 lembo
1139 1126 1471 1205 profugum
1499 1131 1823 1206 ventisque
1853 1128 2168 1206 repulsum

502 1220 772 1295 suscepit
798 1220 1021 1274 merito
1046 1215 1251 1275 fatalis
1279 1217 1553 1275 Tabraca
1577 1225 1761 1294 portu

502 1315 830 1384 expertum
860 1306 1025 1385 quod
1052 1306 1219 1364 nulla
1247 1310 1370 1365 tuis
1401 1306 1710 1364 elementa
1736 1315 2028 1385 paterent
2206 1316 2315 1366 360

503 1395 803 1466 hostibuS,
834 1404 899 1454 et
924 1395 1128 1454 laetae
1156 1416 1478 1473 passurum
1503 1400 1701 1474 iurgia
1726 1396 1922 1473 plebis

503 1484 966 1563 fracturumque
995 1505 1130 1543 reos
1159 1485 1374 1543 humili
1403 1486 1516 1543 sub
1543 1485 1743 1544 iudice
1772 1485 1994 1544 vultuS.

582 1575 684 1633 Nil
711 1577 946 1634 tribuat
975 1575 1246 1633 Fortuna
1276 1576 1409 1633 sibi.
1490 1579 1569 1633 sit
1596 1595 1885 1652 prospera
1914 1595 2162 1654 semper

500 1664 605 1723 illa
632 1665 883 1744 quidem
909 1684 924 1734 3
971 1665 1083 1723 sed
1107 1685 1231 1722 non
1259 1669 1363 1722 uni
1390 1668 1726 1722 certamina
1750 1685 1997 1742 pugnae

501 1753 868 1813 credidimus
898 1758 1045 1811 totis
1075 1774 1189 1812 nec
1217 1756 1495 1812 constitit
1524 1753 1659 1811 alea
1687 1757 1898 1812 castris
2211 1765 2317 1815 365

502 1852 798 1901 nutatura
827 1842 1020 1900 semel
1045 1862 1060 1912 3
1112 1847 1161 1900 si
1193 1843 1342 1920 quid
1368 1842 1639 1901 licuisset
1666 1847 1886 1921 iniquis

501 1933 762 2003 casibuS,
788 1933 1108 1991 instabant
1137 1932 1293 1991 aliae
1319 1941 1461 2012 post
1487 1941 1667 2011 terga
1692 1934 1954 1992 biremes
1981 1953 1996 2004 3

501 2032 796 2082 venturus
824 2023 951 2081 dux
979 2027 1172 2081 maior
1200 2031 1356 2081 erat.

1428 2112 1698 2171 Victoria
1728 2113 1894 2171 nulla

503 2201 719 2259 clarior
746 2211 857 2262 aut
883 2202 1198 2261 hominum
1225 2205 1383 2260 votis
1411 2205 1681 2278 optatior
1706 2222 1999 2280 umquam

503 2294 786 2369 contigit.
866 2311 944 2348 an
968 2295 1291 2370 quisquam
1319 2291 1628 2369 Tigranen
1657 2312 1948 2369 armaque
1980 2292 2166 2352 Ponti
2214 2304 2322 2353 370

503 2380 604 2438 vel
628 2380 929 2459 Pyrrhum
952 2381 1366 2458 Antiochique
1389 2379 1603 2459 fugam
1626 2381 1725 2439 vel
1745 2380 1942 2439 vincla
1968 2382 2321 2460 Iugurthae

505 2469 784 2529 conferat
814 2479 923 2529 aut
954 2469 1182 2528 Persen
1212 2470 1717 2549 debellatumque
1748 2470 2098 2549 Philippum
2124 2473 2149 2530 ?

505 2560 569 2617 hi
596 2559 979 2638 propagandi
1006 2568 1260 2617 ruerant
1286 2580 1397 2637 pro
1424 2559 1621 2618 limite
1648 2563 1824 2638 regni
1851 2578 1866 2629 3

504 2649 603 2708 hic
630 2650 839 2707 stabat
867 2649 1143 2707 Romana
1168 2648 1351 2707 salus.
1430 2651 1514 2708 ibi
1542 2658 1823 2728 tempora
1850 2657 1988 2707 tuto

505 2745 833 2799 traxerunt
862 2738 1054 2797 dilata
1083 2759 1283 2796 moras
1311 2757 1326 2808 3
1378 2738 1476 2797 hic
1506 2743 1749 2797 vincere
1780 2739 1958 2797 tarde
2215 2751 2323 2800 375

505 2832 665 2887 vinci
691 2848 892 2907 paene
920 2827 1061 2887 fuit.
1141 2827 1486 2886 discrimine
1517 2828 1712 2887 Roma
1740 2849 2025 2908 supremo

502 2922 669 2976 inter
695 2917 1059 2996 supplicium
1085 2917 1298 2995 populi
1327 2916 1603 2976 deforme
1630 2918 1930 2997 pependit
1955 2938 1971 2988 3

508 3017 574 3067 et
603 3016 850 3067 tantum
880 3007 1143 3087 Libyam
1169 3006 1375 3066 fructu
1403 3011 1633 3069 maiore
1660 3012 1897 3086 recepit

506 3119 694 3176 quam
719 3101 987 3176 peperit,
1016 3105 1320 3175 quantum
1346 3101 1690 3175 graviorem
1719 3101 1940 3156 amissa
1967 3097 2251 3158 dolorem

506 3206 693 3264 quam
720 3185 987 3244 necdum
1016 3188 1299 3264 quaesita
1326 3193 1601 3244 movent.
1681 3189 1814 3264 quis
1851 3185 2081 3243 Punica
2109 3198 2325 3265 gesta,

505 3298 622 3358 390
