2511 3938
1160 329 1608 388 CLAUDIAN
1652 301 1656 304 ’

482 493 682 547 erexit
709 490 952 568 galeam
977 489 1282 568 clipeique
1308 489 1630 548 recanduit
1656 490 1817 548 orbis

484 579 549 628 et
575 570 725 629 levis
754 591 1009 630 excussa
1035 575 1248 630 micuit
1274 572 1556 650 rubigine
1583 592 1819 631 cornus·

560 651 864 712 Umentes
890 657 1014 712 iam
1040 658 1236 712 noctis
1267 673 1455 732 equos
1486 653 1887 731 Lethaeaque
1915 653 2173 713 Somnus

480 733 657 792 frena
683 754 905 813 regens
933 739 1123 794 tacito
1150 735 1438 794 volvebat
1464 735 1664 794 sidera
1691 756 1888 793 curru.

477 819 603 874 iam
630 816 753 875 duo
779 818 1057 875 divorum
1081 837 1386 895 proceres,
1413 821 1728 896 maiorque
1756 821 2074 895 minorque
2184 825 2284 874 215

479 898 826 967 Theodosii,
851 918 1070 976 pacem
1095 899 1275 957 laturi
1306 900 1594 978 gentibus
1620 901 1816 969 ibant,
2091 922 2092 925 ¹

482 983 587 1057 qui
617 979 776 1038 Iovis
804 1000 1053 1038 arcanos
1081 984 1349 1039 monitus
1376 981 1794 1058 mandataque
1820 979 2056 1039 ferrent

479 1059 771 1120 fratribus
801 1071 867 1120 et
892 1066 1152 1140 geminis
1179 1066 1487 1121 sancirent
1512 1060 1765 1121 foedera
1790 1065 1994 1140 regnis
2022 1082 2037 1120 ε

481 1146 566 1200 sic
593 1164 734 1201 cum
758 1147 1127 1222 praecipites
1156 1153 1356 1202 artem
1382 1148 1582 1202 vicere
1608 1144 1911 1221 procellae

483 1224 861 1302 adsiduoque
889 1245 1143 1304 gemens
1171 1226 1475 1285 undarum
1501 1227 1757 1284 verbere
1782 1234 1965 1284 nutat
2181 1233 2282 1283 220

482 1305 850 1365 descensura
876 1311 1047 1377 ratiS,
1074 1328 1258 1366 caeca
1286 1308 1399 1366 sub
1426 1316 1609 1366 nocte
1636 1310 1837 1366 vocati

481 1387 781 1467 naufraga
810 1389 1042 1448 Ledaei
1068 1398 1423 1448 sustentant
1449 1389 1586 1448 vela
1613 1388 1908 1447 Lacones,

481 1470 737 1528 circulus
765 1479 836 1529 ut
861 1475 1068 1548 patuit
1097 1471 1333 1541 Lunae,
1361 1491 1611 1529 secuere
1638 1480 1881 1529 meatus

480 1551 749 1610 diversos
778 1573 792 1610 :
843 1553 1030 1611 Italas
1059 1557 1260 1611 senior
1286 1554 1589 1612 tendebat
1614 1557 1679 1610 in
1705 1573 1839 1611 oras
1867 1572 1882 1622 ;

483 1642 549 1691 at
575 1642 777 1711 pater,
804 1637 1143 1693 intrantem
1173 1634 1440 1693 Pontum
1469 1655 1591 1712 qua
1618 1634 1963 1712 Bosphorus
1993 1642 2178 1704 artat,

481 1715 728 1773 Arcadii
755 1715 1038 1774 thalamis
1066 1717 1327 1794 urbique
1352 1716 1621 1794 inlapsus
1649 1718 1839 1775 ane.
2178 1724 2279 1774 226

481 1815 668 1873 quem
694 1797 945 1855 simulac
970 1798 1126 1856 vidit
1151 1806 1333 1855 natus
1362 1797 1531 1876 (nam
1556 1798 1719 1856 clara
1745 1798 1989 1857 nitebat

481 1877 794 1956 Cynthia),
820 1883 1127 1956 permixto
1155 1888 1543 1938 tremuerunt
1570 1881 1795 1958 gaudia
1821 1879 1973 1938 fletu

479 1959 927 2039 complexuque
953 1958 1188 2031 fovenS,
1216 1982 1367 2040 quos
1395 1983 1519 2021 non
1544 1971 1918 2040 speraverat,
1947 1971 2115 2020 artus

479 2051 519 2079 “
545 2042 601 2101 O
624 2042 772 2099 mihi
793 2051 934 2120 post
956 2043 1145 2121 Alpes
1167 2064 1329 2102 nunc
1348 2047 1612 2122 primum
1636 2042 1943 2113 reddite‚”
1972 2044 2149 2113 dixit,
2178 2052 2279 2102 230

480 2133 518 2160 “
539 2123 704 2182 unde
731 2128 853 2182 tuis
882 2133 1131 2202 optatus
1160 2126 1308 2184 ades
1334 2127 1357 2183 ?
1438 2127 1519 2185 da
1545 2135 1803 2203 tangere
1831 2125 2135 2196 dextram,

479 2225 602 2283 qua
629 2214 848 2283 gentes
876 2207 1153 2265 cecidere
1179 2205 1371 2265 ferae.
1452 2211 1586 2285 quis
1613 2207 1739 2265 tale
1766 2210 2027 2265 removit

478 2287 851 2364 praesidium
878 2292 1057 2346 terris
1084 2290 1107 2346 ?
1188 2298 1260 2347 ut
1286 2298 1352 2347 te
1380 2288 1661 2347 mortalia
1686 2289 1926 2366 pridem

476 2369 807 2446 implorant
832 2369 1139 2448 longeque
1165 2374 1338 2448 pium
1365 2370 1713 2448 fortemque
1739 2374 2060 2448 requirunt
2087 2371 2098 2428 !
2131 2368 2165 2391 '⁹

557 2450 669 2508 Cui
695 2459 876 2528 pater
899 2455 965 2508 in
991 2451 1147 2510 tales
1174 2457 1342 2530 rupit
1370 2456 1625 2530 suspiria
1651 2472 1829 2510 voces
1858 2473 1871 2510 ε
2177 2461 2281 2510 235

480 2541 517 2569 “
538 2532 652 2590 hoc
681 2541 816 2590 erat
841 2534 864 2590 ?
943 2537 1005 2590 in
1033 2531 1254 2591 fratres
1283 2534 1488 2593 medio
1515 2534 1814 2593 discordia
1844 2534 2064 2591 Mauro

478 2617 747 2671 nascitur
776 2622 841 2671 et
867 2615 1131 2673 mundus
1159 2635 1577 2694 germanaque
1606 2616 1860 2675 dissidet
1887 2615 2024 2673 aula
2052 2617 2075 2673 ?

543 2734 563 2765 ¹
599 2733 929 2784 Theodosius
970 2735 1061 2785 the
1103 2752 1249 2799 youn
1292 2753 1348 2785 er
1390 2738 1450 2794 is,
1495 2736 1556 2786 of
1592 2752 1794 2794 course,
1837 2735 2168 2787 Theodosius
2214 2738 2282 2798 1.‚

473 2800 565 2850 the
615 2800 877 2864 Emperor
925 2799 1034 2863 (see
1086 2801 1235 2850 Intro
1276 2804 1474 2860 uction,
1526 2818 1579 2866 p.
1628 2801 1741 2862 vii).
1812 2801 2143 2852 Theodosius
2186 2804 2283 2855 the

474 2864 618 2916 elder
642 2882 751 2915 was
775 2865 857 2915 his
878 2865 1070 2916 father.
1142 2867 1228 2916 He
1252 2883 1361 2917 was
1384 2883 1455 2917 an
1479 2866 1600 2917 able
1623 2865 1732 2916 and
1755 2866 1960 2917 trusted
1982 2868 2201 2931 general
2224 2869 2290 2919 of

472 2930 818 2981 Valentinian
864 2931 928 2989 L,
973 2931 1093 2981 who
1131 2931 1367 2982 restored
1422 2935 1570 2996 quiet
1624 2934 1678 2981 in
1727 2932 1931 2982 Britain
1975 2932 2283 2998 (368-370),

473 2995 720 3046 defeated
765 2996 856 3046 the
901 2996 1192 3046 Alamanni
1237 2996 1402 3060 (370),
1448 2997 1558 3047 and
1603 2996 1830 3048 crushed
1875 2998 1965 3048 the
2010 2998 2178 3049 revolt
2222 3000 2289 3050 of

474 3062 703 3120 FirmuS,
750 3061 957 3112 Gildo’s
1011 3061 1227 3112 brother
1271 3062 1380 3126 (see
1429 3062 1535 3113 line
1578 3067 1680 3113 333
1730 3063 1790 3113 of
1833 3063 1938 3113 this
1993 3064 2174 3127 poem)
2222 3067 2281 3116 in

474 3127 661 3177 Africa
679 3127 724 3190 (ἓ
745 3125 1023 3189 372—374).
1096 3128 1196 3177 His
1219 3127 1381 3178 death
1409 3145 1518 3178 was
1541 3128 1777 3193 brought
1799 3128 1966 3179 about
1996 3129 2071 3193 by
2099 3130 2283 3181 Mero-

470 3191 694 3251 baudeS,
723 3191 995 3243 Gratian’s
1020 3194 1260 3243 minister
1284 3193 1376 3259 (cf.
1402 3196 1510 3245 viii.
1536 3196 1701 3262 26-9).

477 3277 591 3330 114
