2511 3938
1152 352 1600 414 GLAUDIAN

473 514 796 592 perfidiam
821 534 937 573 nec
963 534 1073 573 nos
1098 518 1371 592 patimur
1396 516 1784 573 committere
1811 511 1942 570 tali.
2176 518 2278 567 265

473 613 589 672 hoc
616 634 812 693 genus
842 617 1105 692 emptori
1130 617 1293 672 cives
1319 634 1460 672 cum
1486 613 1805 696 moenibus
1833 610 2032 681 offert,

473 712 589 772 hoc
616 714 830 773 vendit
853 717 1140 792 patriam.
1218 713 1496 791 plerique
1522 716 1588 769 in
1615 721 1860 789 tempus
1888 710 2061 768 abusi

474 834 618 872 mox
646 814 833 873 odere
861 822 1074 871 tamen
1100 834 1115 871 ι
1164 816 1369 871 tenuit
1396 816 1479 870 sic
1507 812 1694 870 Graia
1723 811 2035 890 Philippus

475 917 703 996 oppida
729 936 744 987 ;
793 916 1040 975 Pellaeo
1066 916 1320 975 libertas
1347 916 1612 974 concidit
1640 935 1807 973 aur0.

477 1018 737 1078 Romani
764 1019 1063 1078 scelerum
1090 1038 1334 1096 semper
1360 1038 1645 1096 sprevere
1672 1021 1998 1076 ministros,
2178 1024 2279 1074 270

476 1127 661 1182 noxia
687 1123 1026 1201 pollicitum
1053 1123 1300 1182 domino
1327 1127 1582 1180 miscere
1610 1142 1848 1180 venena

478 1225 789 1284 Fabricius
815 1229 947 1304 regi
974 1225 1210 1283 nudata
1235 1224 1453 1283 fraude
1480 1228 1736 1294 remisit,

476 1327 704 1387 infesto
731 1348 918 1407 quem
948 1329 1156 1387 Marte
1182 1332 1368 1406 petit,
1394 1328 1748 1406 bellumque
1775 1331 2028 1407 negavit

475 1454 589 1512 per
613 1432 828 1493 famuli
853 1443 1102 1513 patrare
1128 1431 1326 1503 nefaS,
1353 1433 1693 1510 ductosque
1722 1432 2009 1492 Camillus

475 1544 647 1595 trans
673 1557 917 1596 murum
943 1556 1164 1614 pueros
1193 1537 1478 1595 obsessae
1506 1536 1776 1596 reddidit
1802 1537 1957 1594 urbi.
2177 1546 2279 1594 275

555 1648 591 1676 “
617 1638 969 1697 Traduntur
994 1643 1207 1716 poenis
1237 1638 1359 1708 alii,
1386 1659 1526 1697 cum
1551 1638 1784 1717 proelia
1811 1638 2036 1697 tollunt
2062 1657 2077 1707 ;

475 1740 575 1799 hic
595 1750 809 1800 manet
830 1750 903 1800 ut
922 1750 1171 1800 moveat
1197 1743 1220 1799 ?
1303 1742 1469 1819 quod
1489 1746 1724 1819 respuit
1753 1741 1909 1800 alter
1929 1745 1994 1800 in
2014 1741 2280 1813 hostem,

476 1847 727 1921 suscipis
752 1848 818 1902 in
843 1842 1100 1902 fratrem
1125 1845 1148 1902 ?
1214 1843 1383 1923 longi
1409 1865 1520 1922 pro
1548 1844 1816 1904 dedecus
1843 1848 1979 1903 aevi
2006 1845 2018 1903 ἔ

476 1950 574 2007 cui
599 1946 826 2026 placet,
854 1946 1150 2006 australes
1179 1946 1362 2006 Gildo
1389 1948 1697 2007 condonat
1723 1947 1995 2008 habenas

477 2057 781 2128 tantaque
808 2058 1080 2109 mutatos
1108 2054 1387 2129 sequitur
1412 2055 1723 2128 provincia
1750 2072 1968 2111 mores.
2178 2062 2280 2111 280

479 2153 785 2231 quaslibet
812 2154 892 2212 ad
916 2162 1125 2232 partes
1155 2158 1392 2213 animus
1420 2159 1732 2214 nutaverit
1760 2176 2004 2235 ancep8‚

477 2256 854 2316 transfundit
880 2277 1089 2316 secum
1117 2258 1381 2338 Libyam
1406 2258 1790 2337 refluumque
1817 2259 2119 2338 malignus

479 2359 829 2420 commodat
854 2363 1197 2438 imperium,
1285 2361 1489 2418 Mauri
1515 2360 1634 2419 fuit
1662 2360 1869 2421 Africa
1896 2384 2137 2423 munus,

479 2464 680 2523 tollite
711 2464 1013 2543 Massylas
1040 2462 1310 2532 fraudeS,
1337 2474 1652 2523 removete
1678 2467 1982 2546 bilingues

479 2570 727 2629 insidias
757 2577 823 2627 et
849 2570 1036 2627 verba
1064 2568 1173 2627 soli
1201 2573 1496 2647 spirantia
1523 2573 1739 2630 virum.
2180 2584 2282 2633 285

481 2694 561 2733 ne
588 2676 1053 2751 consanguineis
1080 2682 1356 2732 certetur
1380 2678 1718 2734 comminus
1746 2681 1949 2749 armis,

483 2798 584 2849 ne,
596 2797 830 2856 precor.
872 2776 1026 2835 haec
1045 2777 1317 2836 trucibus
1332 2778 1579 2849 Thebis,
1594 2780 1746 2838 haec
1765 2782 1952 2860 digna
1970 2783 2282 2863 Mycenis3

482 2885 546 2939 in
576 2880 828 2938 Mauros
855 2880 970 2939 hoc
996 2884 1228 2938 crimen
1257 2889 1381 2940 eat.

1442 2991 1479 3018 ‘⁶
1507 2982 1672 3056 Quid
1699 2993 1908 3043 noster
1932 2990 2211 3067 iniquum

481 3083 731 3143 molitur
757 3082 1009 3142 Stilicho
1035 3084 1058 3141 ?
1139 3084 1386 3162 quando
1413 3106 1537 3144 non
1561 3087 1664 3145 ille
1689 3090 1929 3148 iubenti

480 3191 687 3265 paruit
713 3187 737 3246 ?
818 3207 898 3244 an
924 3189 1249 3264 quisquam
1275 3188 1450 3247 nobis
1477 3190 1816 3251 devinctior
1844 3203 2022 3255 extat
2047 3196 2070 3255 ?
2182 3207 2287 3258 290

489 3287 512 3335 1
530 3287 598 3337 18
