<?xml version="1.0" encoding="UTF-8"?>
<!DOCTYPE html PUBLIC "-//W3C//DTD XHTML 1.0 Transitional//EN"
    "http://www.w3.org/TR/xhtml1/DTD/xhtml1-transitional.dtd">
<html xmlns="http://www.w3.org/1999/xhtml" xml:lang="en" lang="en">
 <head>
  <title>
</title>
<meta http-equiv="Content-Type" content="text/html;charset=utf-8" />
  <meta name='ocr-system' content='tesseract 3.04.00' />
  <meta name='ocr-capabilities' content='ocr_page ocr_carea ocr_par ocr_line ocrx_word'/>
</head>
<body>
  <div class='ocr_page' id='page_1' title='image "./claudianvolume00claugoog_0042.png"; bbox 0 0 2511 3938; ppageno 0'>
   <div class='ocr_carea' id='block_1_1' title="bbox 1162 301 1608 363">
    <p class='ocr_par' dir='ltr' id='par_1_1' title="bbox 1162 301 1608 363">
     <span class='ocr_line' id='line_1_1' title="bbox 1162 301 1608 363; baseline 0 -2"><span class='ocrx_word' id='word_1_1' title='bbox 1162 301 1608 363; x_wconf 90' lang='lat' dir='ltr'>CLAUDIAN</span> 
     </span>
    </p>
   </div>
   <div class='ocr_carea' id='block_1_2' title="bbox 485 463 2296 2989">
    <p class='ocr_par' dir='ltr' id='par_1_2' title="bbox 485 463 2296 2989">
     <span class='ocr_line' id='line_1_2' title="bbox 488 463 2156 543; baseline 0.001 -24"><span class='ocrx_word' id='word_1_2' title='bbox 488 480 674 538; x_wconf 90' lang='lat' dir='ltr'><strong>quem</strong></span> <span class='ocrx_word' id='word_1_3' title='bbox 700 471 983 539; x_wconf 87' lang='lat' dir='ltr'><strong>poscunt,</strong></span> <span class='ocrx_word' id='word_1_4' title='bbox 1008 466 1277 543; x_wconf 88' lang='lat' dir='ltr'><strong>tetigere</strong></span> <span class='ocrx_word' id='word_1_5' title='bbox 1303 463 1505 523; x_wconf 91' lang='lat' dir='ltr'><strong>locum</strong></span> <span class='ocrx_word' id='word_1_6' title='bbox 1532 483 1547 523; x_wconf 70' lang='grc' dir='ltr'>ε</span> <span class='ocrx_word' id='word_1_7' title='bbox 1595 483 1718 541; x_wconf 90' lang='lat' dir='ltr'><strong>qua</strong></span> <span class='ocrx_word' id='word_1_8' title='bbox 1746 463 1866 521; x_wconf 89' lang='lat' dir='ltr'><strong>fine</strong></span> <span class='ocrx_word' id='word_1_9' title='bbox 1893 464 2007 522; x_wconf 90' lang='lat' dir='ltr'><strong>sub</strong></span> <span class='ocrx_word' id='word_1_10' title='bbox 2031 465 2156 520; x_wconf 91' lang='lat' dir='ltr'><strong>imo</strong></span> 
     </span>
     <span class='ocr_line' id='line_1_3' title="bbox 487 557 2289 636; baseline -0.001 -22"><span class='ocrx_word' id='word_1_11' title='bbox 487 565 824 634; x_wconf 82' lang='lat' dir='ltr'><strong>angustant</strong></span> <span class='ocrx_word' id='word_1_12' title='bbox 850 558 1088 617; x_wconf 90' lang='lat' dir='ltr'><strong>aditum</strong></span> <span class='ocrx_word' id='word_1_13' title='bbox 1114 563 1311 617; x_wconf 91' lang='lat' dir='ltr'><strong>curvis</strong></span> <span class='ocrx_word' id='word_1_14' title='bbox 1338 557 1713 617; x_wconf 84' lang='lat' dir='ltr'><strong>anfractibus</strong></span> <span class='ocrx_word' id='word_1_15' title='bbox 1741 558 1930 636; x_wconf 85' lang='lat' dir='ltr'><strong>Alpes</strong></span> <span class='ocrx_word' id='word_1_16' title='bbox 2191 563 2289 613; x_wconf 85' lang='lat'><strong>105</strong></span> 
     </span>
     <span class='ocr_line' id='line_1_4' title="bbox 486 649 2158 732; baseline 0.001 -24"><span class='ocrx_word' id='word_1_17' title='bbox 486 649 874 730; x_wconf 88' lang='lat' dir='ltr'><strong>claustraque</strong></span> <span class='ocrx_word' id='word_1_18' title='bbox 900 656 1208 732; x_wconf 85' lang='lat' dir='ltr'><strong>congestis</strong></span> <span class='ocrx_word' id='word_1_19' title='bbox 1235 653 1495 732; x_wconf 88' lang='lat' dir='ltr'><strong>scopulis</strong></span> <span class='ocrx_word' id='word_1_20' title='bbox 1523 653 1843 712; x_wconf 87' lang='lat' dir='ltr'><strong>durissima</strong></span> <span class='ocrx_word' id='word_1_21' title='bbox 1869 653 2158 721; x_wconf 86' lang='lat' dir='ltr'><strong>tendunt,</strong></span> 
     </span>
     <span class='ocr_line' id='line_1_5' title="bbox 485 745 1991 825; baseline 0.001 -23"><span class='ocrx_word' id='word_1_22' title='bbox 485 764 610 804; x_wconf 92' lang='lat' dir='ltr'><strong>non</strong></span> <span class='ocrx_word' id='word_1_23' title='bbox 637 745 755 804; x_wconf 92' lang='lat' dir='ltr'><strong>alia</strong></span> <span class='ocrx_word' id='word_1_24' title='bbox 780 748 1112 806; x_wconf 88' lang='lat' dir='ltr'><strong>reseranda</strong></span> <span class='ocrx_word' id='word_1_25' title='bbox 1136 768 1345 818; x_wconf 89' lang='lat' dir='ltr'><strong>manu,</strong></span> <span class='ocrx_word' id='word_1_26' title='bbox 1372 748 1484 807; x_wconf 89' lang='lat' dir='ltr'><strong>sed</strong></span> <span class='ocrx_word' id='word_1_27' title='bbox 1508 751 1719 825; x_wconf 88' lang='lat' dir='ltr'><strong>pervia</strong></span> <span class='ocrx_word' id='word_1_28' title='bbox 1745 755 1991 806; x_wconf 90' lang='lat' dir='ltr'><strong>tantum</strong></span> 
     </span>
     <span class='ocr_line' id='line_1_6' title="bbox 485 839 2011 920; baseline 0.001 -23"><span class='ocrx_word' id='word_1_29' title='bbox 485 839 771 918; x_wconf 89' lang='lat' dir='ltr'><strong>Augusto</strong></span> <span class='ocrx_word' id='word_1_30' title='bbox 796 844 1181 920; x_wconf 88' lang='lat' dir='ltr'><strong>geminisque</strong></span> <span class='ocrx_word' id='word_1_31' title='bbox 1207 841 1393 901; x_wconf 89' lang='lat' dir='ltr'><strong>fidem</strong></span> <span class='ocrx_word' id='word_1_32' title='bbox 1422 845 1687 900; x_wconf 88' lang='lat' dir='ltr'><strong>mentita</strong></span> <span class='ocrx_word' id='word_1_33' title='bbox 1713 843 2011 920; x_wconf 88' lang='lat' dir='ltr'><strong>tyrannis.</strong></span> 
     </span>
     <span class='ocr_line' id='line_1_7' title="bbox 486 934 1982 1014; baseline 0.001 -23"><span class='ocrx_word' id='word_1_34' title='bbox 486 937 818 994; x_wconf 84' lang='lat' dir='ltr'><strong>semirutae</strong></span> <span class='ocrx_word' id='word_1_35' title='bbox 846 943 1045 994; x_wconf 90' lang='lat' dir='ltr'><strong>turres</strong></span> <span class='ocrx_word' id='word_1_36' title='bbox 1072 935 1405 1014; x_wconf 86' lang='lat' dir='ltr'><strong>avulsaque</strong></span> <span class='ocrx_word' id='word_1_37' title='bbox 1432 939 1675 994; x_wconf 90' lang='lat' dir='ltr'><strong>moenia</strong></span> <span class='ocrx_word' id='word_1_38' title='bbox 1700 934 1944 993; x_wconf 88' lang='lat' dir='ltr'><strong>fumant</strong></span> <span class='ocrx_word' id='word_1_39' title='bbox 1966 952 1982 1003; x_wconf 96' lang='lat'><em>3</em></span> 
     </span>
     <span class='ocr_line' id='line_1_8' title="bbox 485 1026 2225 1108; baseline -0.001 -22"><span class='ocrx_word' id='word_1_40' title='bbox 485 1037 767 1088; x_wconf 92' lang='lat' dir='ltr'><strong>crescunt</strong></span> <span class='ocrx_word' id='word_1_41' title='bbox 790 1032 856 1087; x_wconf 93' lang='lat' dir='ltr'><strong>in</strong></span> <span class='ocrx_word' id='word_1_42' title='bbox 881 1030 1194 1089; x_wconf 91' lang='lat' dir='ltr'><strong>cumulum</strong></span> <span class='ocrx_word' id='word_1_43' title='bbox 1219 1038 1459 1108; x_wconf 90' lang='lat' dir='ltr'><strong>strages</strong></span> <span class='ocrx_word' id='word_1_44' title='bbox 1485 1029 1830 1108; x_wconf 90' lang='lat' dir='ltr'><strong>vallemque</strong></span> <span class='ocrx_word' id='word_1_45' title='bbox 1856 1026 2225 1107; x_wconf 83' lang='lat' dir='ltr'><strong>profundam</strong></span> 
     </span>
     <span class='ocr_line' id='line_1_9' title="bbox 487 1126 2284 1203; baseline -0.002 -23"><span class='ocrx_word' id='word_1_46' title='bbox 487 1141 832 1201; x_wconf 89' lang='lat' dir='ltr'><strong>aequavere</strong></span> <span class='ocrx_word' id='word_1_47' title='bbox 857 1126 1015 1201; x_wconf 87' lang='lat' dir='ltr'><strong>iugis</strong></span> <span class='ocrx_word' id='word_1_48' title='bbox 1042 1143 1058 1193; x_wconf 99' lang='lat'><em>3</em></span> <span class='ocrx_word' id='word_1_49' title='bbox 1106 1129 1401 1203; x_wconf 86' lang='lat' dir='ltr'><strong>stagnant</strong></span> <span class='ocrx_word' id='word_1_50' title='bbox 1425 1127 1691 1182; x_wconf 89' lang='lat' dir='ltr'><strong>inmersa</strong></span> <span class='ocrx_word' id='word_1_51' title='bbox 1717 1143 1930 1181; x_wconf 91' lang='lat' dir='ltr'><strong>cruore</strong></span> <span class='ocrx_word' id='word_1_52' title='bbox 2191 1129 2284 1177; x_wconf 89' lang='lat'><strong>111</strong></span> 
     </span>
     <span class='ocr_line' id='line_1_10' title="bbox 485 1216 1994 1298; baseline 0.001 -24"><span class='ocrx_word' id='word_1_53' title='bbox 485 1235 738 1295; x_wconf 90' lang='lat' dir='ltr'><strong>corpora</strong></span> <span class='ocrx_word' id='word_1_54' title='bbox 763 1237 780 1287; x_wconf 88' lang='lat'><em>3</em></span> <span class='ocrx_word' id='word_1_55' title='bbox 829 1219 1157 1278; x_wconf 86' lang='lat' dir='ltr'><strong>turbantur</strong></span> <span class='ocrx_word' id='word_1_56' title='bbox 1180 1221 1490 1298; x_wconf 85' lang='lat' dir='ltr'><strong>permixto</strong></span> <span class='ocrx_word' id='word_1_57' title='bbox 1515 1216 1733 1276; x_wconf 85' lang='lat' dir='ltr'><strong>funere</strong></span> <span class='ocrx_word' id='word_1_58' title='bbox 1760 1236 1994 1275; x_wconf 79' lang='lat' dir='ltr'><strong>manes·</strong></span> 
     </span>
     <span class='ocr_line' id='line_1_11' title="bbox 564 1310 2124 1391; baseline 0.001 -23"><span class='ocrx_word' id='word_1_59' title='bbox 564 1310 751 1371; x_wconf 91' lang='lat' dir='ltr'><strong>Haud</strong></span> <span class='ocrx_word' id='word_1_60' title='bbox 775 1312 987 1391; x_wconf 92' lang='lat' dir='ltr'><strong>procul</strong></span> <span class='ocrx_word' id='word_1_61' title='bbox 1014 1312 1316 1372; x_wconf 87' lang='lat' dir='ltr'><strong>exhausto</strong></span> <span class='ocrx_word' id='word_1_62' title='bbox 1341 1311 1541 1370; x_wconf 90' lang='lat' dir='ltr'><strong>laetus</strong></span> <span class='ocrx_word' id='word_1_63' title='bbox 1567 1314 1903 1370; x_wconf 85' lang='lat' dir='ltr'><strong>certamine</strong></span> <span class='ocrx_word' id='word_1_64' title='bbox 1930 1315 2124 1370; x_wconf 91' lang='lat' dir='ltr'><strong>victor</strong></span> 
     </span>
     <span class='ocr_line' id='line_1_12' title="bbox 487 1404 1951 1484; baseline 0.001 -22"><span class='ocrx_word' id='word_1_65' title='bbox 487 1409 759 1483; x_wconf 90' lang='lat' dir='ltr'><strong>caespite</strong></span> <span class='ocrx_word' id='word_1_66' title='bbox 786 1410 1101 1484; x_wconf 89' lang='lat' dir='ltr'><strong>gramineo</strong></span> <span class='ocrx_word' id='word_1_67' title='bbox 1127 1407 1491 1466; x_wconf 85' lang='lat' dir='ltr'><strong>consederat</strong></span> <span class='ocrx_word' id='word_1_68' title='bbox 1518 1407 1733 1464; x_wconf 91' lang='lat' dir='ltr'><strong>arbore</strong></span> <span class='ocrx_word' id='word_1_69' title='bbox 1760 1404 1951 1464; x_wconf 91' lang='lat' dir='ltr'><strong>fultus</strong></span> 
     </span>
     <span class='ocr_line' id='line_1_13' title="bbox 489 1499 2288 1578; baseline -0.001 -21"><span class='ocrx_word' id='word_1_70' title='bbox 489 1499 756 1558; x_wconf 86' lang='lat' dir='ltr'><strong>adclines</strong></span> <span class='ocrx_word' id='word_1_71' title='bbox 784 1520 1026 1559; x_wconf 90' lang='lat' dir='ltr'><strong>umeros</strong></span> <span class='ocrx_word' id='word_1_72' title='bbox 1052 1519 1068 1569; x_wconf 97' lang='lat'><em>3</em></span> <span class='ocrx_word' id='word_1_73' title='bbox 1115 1500 1432 1559; x_wconf 89' lang='lat' dir='ltr'><strong>dominum</strong></span> <span class='ocrx_word' id='word_1_74' title='bbox 1459 1503 1668 1578; x_wconf 88' lang='lat' dir='ltr'><strong>gavisa</strong></span> <span class='ocrx_word' id='word_1_75' title='bbox 1694 1508 1946 1557; x_wconf 88' lang='lat' dir='ltr'><strong>coronat</strong></span> <span class='ocrx_word' id='word_1_76' title='bbox 2192 1506 2288 1555; x_wconf 88' lang='lat'><strong>115</strong></span> 
     </span>
     <span class='ocr_line' id='line_1_14' title="bbox 486 1592 2098 1672; baseline 0 -22"><span class='ocrx_word' id='word_1_77' title='bbox 486 1600 654 1651; x_wconf 89' lang='lat' dir='ltr'><strong>terra</strong></span> <span class='ocrx_word' id='word_1_78' title='bbox 680 1614 879 1663; x_wconf 88' lang='lat' dir='ltr'><strong>suum,</strong></span> <span class='ocrx_word' id='word_1_79' title='bbox 907 1603 1290 1672; x_wconf 89' lang='lat' dir='ltr'><strong>surguntque</strong></span> <span class='ocrx_word' id='word_1_80' title='bbox 1318 1597 1466 1653; x_wconf 87' lang='lat' dir='ltr'><strong>toris</strong></span> <span class='ocrx_word' id='word_1_81' title='bbox 1493 1594 1821 1651; x_wconf 88' lang='lat' dir='ltr'><strong>maioribus</strong></span> <span class='ocrx_word' id='word_1_82' title='bbox 1848 1592 2098 1652; x_wconf 90' lang='lat' dir='ltr'><strong>herbae.</strong></span> 
     </span>
     <span class='ocr_line' id='line_1_15' title="bbox 489 1686 2173 1765; baseline 0 -21"><span class='ocrx_word' id='word_1_83' title='bbox 489 1687 671 1745; x_wconf 89' lang='lat' dir='ltr'><strong>sudor</strong></span> <span class='ocrx_word' id='word_1_84' title='bbox 698 1687 896 1746; x_wconf 88' lang='lat' dir='ltr'><strong>adhuc</strong></span> <span class='ocrx_word' id='word_1_85' title='bbox 921 1707 1034 1765; x_wconf 91' lang='lat' dir='ltr'><strong>per</strong></span> <span class='ocrx_word' id='word_1_86' title='bbox 1060 1689 1338 1746; x_wconf 88' lang='lat' dir='ltr'><strong>membra</strong></span> <span class='ocrx_word' id='word_1_87' title='bbox 1364 1686 1526 1745; x_wconf 88' lang='lat' dir='ltr'><strong>calet</strong></span> <span class='ocrx_word' id='word_1_88' title='bbox 1552 1688 1889 1765; x_wconf 91' lang='lat' dir='ltr'><strong>creberque</strong></span> <span class='ocrx_word' id='word_1_89' title='bbox 1916 1690 2173 1745; x_wconf 92' lang='lat' dir='ltr'><strong>recurrit</strong></span> 
     </span>
     <span class='ocr_line' id='line_1_16' title="bbox 488 1779 1949 1858; baseline 0.001 -22"><span class='ocrx_word' id='word_1_90' title='bbox 488 1779 713 1839; x_wconf 91' lang='lat' dir='ltr'><strong>halitus</strong></span> <span class='ocrx_word' id='word_1_91' title='bbox 742 1791 809 1840; x_wconf 90' lang='lat' dir='ltr'><strong>et</strong></span> <span class='ocrx_word' id='word_1_92' title='bbox 833 1780 1057 1858; x_wconf 87' lang='lat' dir='ltr'><strong>placidi</strong></span> <span class='ocrx_word' id='word_1_93' title='bbox 1082 1782 1328 1840; x_wconf 85' lang='lat' dir='ltr'><strong>radiant</strong></span> <span class='ocrx_word' id='word_1_94' title='bbox 1352 1785 1416 1838; x_wconf 91' lang='lat' dir='ltr'><strong>in</strong></span> <span class='ocrx_word' id='word_1_95' title='bbox 1443 1781 1675 1839; x_wconf 89' lang='lat' dir='ltr'><strong>casside</strong></span> <span class='ocrx_word' id='word_1_96' title='bbox 1703 1779 1907 1839; x_wconf 90' lang='lat' dir='ltr'><strong>vultus</strong></span> <span class='ocrx_word' id='word_1_97' title='bbox 1935 1801 1949 1838; x_wconf 73' lang='grc' dir='ltr'>ε</span> 
     </span>
     <span class='ocr_line' id='line_1_17' title="bbox 490 1873 1823 1952; baseline 0.002 -22"><span class='ocrx_word' id='word_1_98' title='bbox 490 1873 684 1951; x_wconf 89' lang='lat' dir='ltr'><strong>qualis</strong></span> <span class='ocrx_word' id='word_1_99' title='bbox 710 1873 954 1933; x_wconf 87' lang='lat' dir='ltr'><strong>letifera</strong></span> <span class='ocrx_word' id='word_1_100' title='bbox 978 1873 1309 1952; x_wconf 90' lang='lat' dir='ltr'><strong>populatus</strong></span> <span class='ocrx_word' id='word_1_101' title='bbox 1336 1875 1526 1933; x_wconf 91' lang='lat' dir='ltr'><strong>caede</strong></span> <span class='ocrx_word' id='word_1_102' title='bbox 1556 1873 1823 1933; x_wconf 90' lang='lat' dir='ltr'><strong>Gelonos</strong></span> 
     </span>
     <span class='ocr_line' id='line_1_18' title="bbox 487 1968 2290 2046; baseline -0.001 -20"><span class='ocrx_word' id='word_1_103' title='bbox 487 1971 787 2046; x_wconf 88' lang='lat' dir='ltr'><strong>procubat</strong></span> <span class='ocrx_word' id='word_1_104' title='bbox 813 1968 1150 2028; x_wconf 88' lang='lat' dir='ltr'><strong>horrendus</strong></span> <span class='ocrx_word' id='word_1_105' title='bbox 1180 1969 1400 2028; x_wconf 92' lang='lat' dir='ltr'><strong>Getico</strong></span> <span class='ocrx_word' id='word_1_106' title='bbox 1427 1968 1730 2029; x_wconf 91' lang='lat' dir='ltr'><strong>Gradivus</strong></span> <span class='ocrx_word' id='word_1_107' title='bbox 1756 1973 1820 2026; x_wconf 94' lang='lat' dir='ltr'><strong>in</strong></span> <span class='ocrx_word' id='word_1_108' title='bbox 1847 1990 1991 2028; x_wconf 93' lang='lat' dir='ltr'><strong>arvo</strong></span> <span class='ocrx_word' id='word_1_109' title='bbox 2018 1989 2033 2038; x_wconf 93' lang='lat'><em>3</em></span> <span class='ocrx_word' id='word_1_110' title='bbox 2193 1977 2290 2025; x_wconf 85' lang='lat'><strong>120</strong></span> 
     </span>
     <span class='ocr_line' id='line_1_19' title="bbox 489 2062 1826 2141; baseline 0.001 -22"><span class='ocrx_word' id='word_1_111' title='bbox 489 2066 740 2121; x_wconf 87' lang='lat' dir='ltr'><strong>exuvias</strong></span> <span class='ocrx_word' id='word_1_112' title='bbox 767 2062 1020 2122; x_wconf 92' lang='lat' dir='ltr'><strong>Bellona</strong></span> <span class='ocrx_word' id='word_1_113' title='bbox 1044 2063 1232 2133; x_wconf 87' lang='lat' dir='ltr'><strong>levat,</strong></span> <span class='ocrx_word' id='word_1_114' title='bbox 1260 2063 1511 2121; x_wconf 93' lang='lat' dir='ltr'><strong>Bellona</strong></span> <span class='ocrx_word' id='word_1_115' title='bbox 1538 2071 1826 2141; x_wconf 91' lang='lat' dir='ltr'><strong>tepentes</strong></span> 
     </span>
     <span class='ocr_line' id='line_1_20' title="bbox 488 2155 2219 2235; baseline 0 -22"><span class='ocrx_word' id='word_1_116' title='bbox 488 2155 739 2233; x_wconf 90' lang='lat' dir='ltr'><strong>pulvere</strong></span> <span class='ocrx_word' id='word_1_117' title='bbox 768 2156 947 2216; x_wconf 88' lang='lat' dir='ltr'><strong>solvit</strong></span> <span class='ocrx_word' id='word_1_118' title='bbox 974 2177 1185 2234; x_wconf 81' lang='lat' dir='ltr'><strong>equOS,</strong></span> <span class='ocrx_word' id='word_1_119' title='bbox 1210 2159 1614 2235; x_wconf 88' lang='lat' dir='ltr'><strong>inmensaque</strong></span> <span class='ocrx_word' id='word_1_120' title='bbox 1641 2176 1858 2215; x_wconf 87' lang='lat' dir='ltr'><strong>cornus</strong></span> <span class='ocrx_word' id='word_1_121' title='bbox 1883 2157 1949 2213; x_wconf 90' lang='lat' dir='ltr'><strong>in</strong></span> <span class='ocrx_word' id='word_1_122' title='bbox 1974 2155 2219 2215; x_wconf 86' lang='lat' dir='ltr'><strong>hastam</strong></span> 
     </span>
     <span class='ocr_line' id='line_1_21' title="bbox 488 2249 2201 2329; baseline 0 -21"><span class='ocrx_word' id='word_1_123' title='bbox 488 2253 820 2327; x_wconf 87' lang='lat' dir='ltr'><strong>porrigitur</strong></span> <span class='ocrx_word' id='word_1_124' title='bbox 846 2250 1248 2329; x_wconf 88' lang='lat' dir='ltr'><strong>tremulisque</strong></span> <span class='ocrx_word' id='word_1_125' title='bbox 1275 2250 1422 2309; x_wconf 85' lang='lat' dir='ltr'><strong>ferit</strong></span> <span class='ocrx_word' id='word_1_126' title='bbox 1448 2250 1870 2328; x_wconf 88' lang='lat' dir='ltr'><strong>splendoribus</strong></span> <span class='ocrx_word' id='word_1_127' title='bbox 1899 2249 2201 2309; x_wconf 90' lang='lat' dir='ltr'><strong>Hebrum.</strong></span> 
     </span>
     <span class='ocr_line' id='line_1_22' title="bbox 567 2342 2197 2422; baseline 0 -20"><span class='ocrx_word' id='word_1_128' title='bbox 567 2342 659 2403; x_wconf 93' lang='lat' dir='ltr'><strong>Ut</strong></span> <span class='ocrx_word' id='word_1_129' title='bbox 685 2348 864 2403; x_wconf 90' lang='lat' dir='ltr'><strong>stetit</strong></span> <span class='ocrx_word' id='word_1_130' title='bbox 890 2353 1036 2403; x_wconf 90' lang='lat' dir='ltr'><strong>ante</strong></span> <span class='ocrx_word' id='word_1_131' title='bbox 1065 2345 1286 2403; x_wconf 93' lang='lat' dir='ltr'><strong>ducem</strong></span> <span class='ocrx_word' id='word_1_132' title='bbox 1313 2345 1610 2403; x_wconf 87' lang='lat' dir='ltr'><strong>discussas</strong></span> <span class='ocrx_word' id='word_1_133' title='bbox 1639 2343 1834 2402; x_wconf 89' lang='lat' dir='ltr'><strong>Roma</strong></span> <span class='ocrx_word' id='word_1_134' title='bbox 1859 2364 1973 2422; x_wconf 91' lang='lat' dir='ltr'><strong>per</strong></span> <span class='ocrx_word' id='word_1_135' title='bbox 1999 2364 2197 2414; x_wconf 87' lang='lat' dir='ltr'><strong>auras,</strong></span> 
     </span>
     <span class='ocr_line' id='line_1_23' title="bbox 489 2438 2291 2517; baseline -0.002 -19"><span class='ocrx_word' id='word_1_136' title='bbox 489 2443 729 2498; x_wconf 89' lang='lat' dir='ltr'><strong>conscia</strong></span> <span class='ocrx_word' id='word_1_137' title='bbox 755 2447 854 2497; x_wconf 89' lang='lat' dir='ltr'><strong>ter</strong></span> <span class='ocrx_word' id='word_1_138' title='bbox 880 2443 1085 2498; x_wconf 84' lang='lat' dir='ltr'><strong>sonuit</strong></span> <span class='ocrx_word' id='word_1_139' title='bbox 1109 2459 1293 2517; x_wconf 92' lang='lat' dir='ltr'><strong>rupes</strong></span> <span class='ocrx_word' id='word_1_140' title='bbox 1323 2448 1389 2498; x_wconf 91' lang='lat' dir='ltr'><strong>et</strong></span> <span class='ocrx_word' id='word_1_141' title='bbox 1412 2438 1714 2497; x_wconf 89' lang='lat' dir='ltr'><strong>inhorruit</strong></span> <span class='ocrx_word' id='word_1_142' title='bbox 1741 2447 1943 2496; x_wconf 91' lang='lat' dir='ltr'><strong>atrum</strong></span> <span class='ocrx_word' id='word_1_143' title='bbox 2194 2446 2291 2495; x_wconf 86' lang='lat'><strong>125</strong></span> 
     </span>
     <span class='ocr_line' id='line_1_24' title="bbox 489 2530 2236 2611; baseline -0.001 -19"><span class='ocrx_word' id='word_1_144' title='bbox 489 2537 816 2592; x_wconf 90' lang='lat' dir='ltr'><strong>maiestate</strong></span> <span class='ocrx_word' id='word_1_145' title='bbox 843 2553 1081 2592; x_wconf 77' lang='lat' dir='ltr'><strong>nemus,</strong></span> <span class='ocrx_word' id='word_1_146' title='bbox 1160 2538 1325 2611; x_wconf 92' lang='lat' dir='ltr'><strong>prior</strong></span> <span class='ocrx_word' id='word_1_147' title='bbox 1350 2533 1448 2592; x_wconf 91' lang='lat' dir='ltr'><strong>hic</strong></span> <span class='ocrx_word' id='word_1_148' title='bbox 1472 2554 1485 2592; x_wconf 72' lang='grc' dir='ltr'><strong><em>ε</em></strong></span> <span class='ocrx_word' id='word_1_149' title='bbox 1533 2543 1571 2570; x_wconf 88' lang='grc'><strong>“</strong></span> <span class='ocrx_word' id='word_1_150' title='bbox 1594 2554 1630 2591; x_wconf 95' lang='grc'>0</span> <span class='ocrx_word' id='word_1_151' title='bbox 1656 2553 1887 2591; x_wconf 91' lang='lat' dir='ltr'><strong>numen</strong></span> <span class='ocrx_word' id='word_1_152' title='bbox 1914 2536 2177 2591; x_wconf 90' lang='lat' dir='ltr'><strong>amicum</strong></span> <span class='ocrx_word' id='word_1_153' title='bbox 2199 2530 2236 2552; x_wconf 83' lang='lat'><strong>’⁹</strong></span> 
     </span>
     <span class='ocr_line' id='line_1_25' title="bbox 489 2627 2069 2706; baseline -0.001 -19"><span class='ocrx_word' id='word_1_154' title='bbox 489 2628 616 2687; x_wconf 86' lang='lat' dir='ltr'><strong>dux</strong></span> <span class='ocrx_word' id='word_1_155' title='bbox 645 2631 733 2686; x_wconf 89' lang='lat' dir='ltr'><strong>ait</strong></span> <span class='ocrx_word' id='word_1_156' title='bbox 759 2637 796 2664; x_wconf 89' lang='lat'>“</span> <span class='ocrx_word' id='word_1_157' title='bbox 823 2637 891 2686; x_wconf 90' lang='lat' dir='ltr'><strong>et</strong></span> <span class='ocrx_word' id='word_1_158' title='bbox 915 2627 1124 2706; x_wconf 91' lang='lat' dir='ltr'><strong>legum</strong></span> <span class='ocrx_word' id='word_1_159' title='bbox 1151 2631 1437 2706; x_wconf 84' lang='lat' dir='ltr'><strong>genetrix</strong></span> <span class='ocrx_word' id='word_1_160' title='bbox 1462 2628 1769 2706; x_wconf 91' lang='lat' dir='ltr'><strong>longeque</strong></span> <span class='ocrx_word' id='word_1_161' title='bbox 1795 2628 2069 2704; x_wconf 88' lang='lat' dir='ltr'><strong>regendo</strong></span> 
     </span>
     <span class='ocr_line' id='line_1_26' title="bbox 489 2720 1926 2799; baseline 0.001 -21"><span class='ocrx_word' id='word_1_162' title='bbox 489 2720 854 2779; x_wconf 85' lang='lat' dir='ltr'><strong>circumfusa</strong></span> <span class='ocrx_word' id='word_1_163' title='bbox 878 2720 1020 2799; x_wconf 92' lang='lat' dir='ltr'><strong>polo</strong></span> <span class='ocrx_word' id='word_1_164' title='bbox 1046 2742 1291 2780; x_wconf 87' lang='lat' dir='ltr'><strong>consors</strong></span> <span class='ocrx_word' id='word_1_165' title='bbox 1319 2742 1390 2780; x_wconf 88' lang='lat' dir='ltr'><strong>ac</strong></span> <span class='ocrx_word' id='word_1_166' title='bbox 1417 2722 1583 2781; x_wconf 88' lang='lat' dir='ltr'><strong>dicta</strong></span> <span class='ocrx_word' id='word_1_167' title='bbox 1608 2722 1903 2780; x_wconf 90' lang='lat' dir='ltr'><strong>Tonantis</strong></span> <span class='ocrx_word' id='word_1_168' title='bbox 1910 2765 1926 2791; x_wconf 91' lang='lat'><strong>,</strong></span> 
     </span>
     <span class='ocr_line' id='line_1_27' title="bbox 489 2815 2152 2894; baseline -0.001 -20"><span class='ocrx_word' id='word_1_169' title='bbox 489 2815 587 2874; x_wconf 85' lang='lat' dir='ltr'><strong>dic</strong></span> <span class='ocrx_word' id='word_1_170' title='bbox 615 2816 903 2893; x_wconf 87' lang='lat' dir='ltr'><strong>agedum,</strong></span> <span class='ocrx_word' id='word_1_171' title='bbox 931 2836 1090 2894; x_wconf 88' lang='lat' dir='ltr'><strong>quae</strong></span> <span class='ocrx_word' id='word_1_172' title='bbox 1118 2836 1302 2875; x_wconf 89' lang='lat' dir='ltr'><strong>causa</strong></span> <span class='ocrx_word' id='word_1_173' title='bbox 1329 2820 1464 2874; x_wconf 89' lang='lat' dir='ltr'><strong>viae</strong></span> <span class='ocrx_word' id='word_1_174' title='bbox 1490 2817 1513 2873; x_wconf 90' lang='lat'>?</span> <span class='ocrx_word' id='word_1_175' title='bbox 1593 2837 1701 2874; x_wconf 93' lang='lat' dir='ltr'><strong>cur</strong></span> <span class='ocrx_word' id='word_1_176' title='bbox 1727 2817 1956 2876; x_wconf 89' lang='lat' dir='ltr'><strong>deseris</strong></span> <span class='ocrx_word' id='word_1_177' title='bbox 1984 2836 2152 2875; x_wconf 90' lang='lat' dir='ltr'><strong>arces</strong></span> 
     </span>
     <span class='ocr_line' id='line_1_28' title="bbox 491 2909 2296 2989; baseline 0 -20"><span class='ocrx_word' id='word_1_178' title='bbox 491 2912 792 2971; x_wconf 89' lang='lat' dir='ltr'><strong>Ausonias</strong></span> <span class='ocrx_word' id='word_1_179' title='bbox 814 2909 1175 2989; x_wconf 88' lang='lat' dir='ltr'><strong>caelumque</strong></span> <span class='ocrx_word' id='word_1_180' title='bbox 1199 2920 1377 2969; x_wconf 91' lang='lat' dir='ltr'><strong>tuum</strong></span> <span class='ocrx_word' id='word_1_181' title='bbox 1403 2911 1426 2967; x_wconf 90' lang='lat'>?</span> <span class='ocrx_word' id='word_1_182' title='bbox 1496 2911 1615 2981; x_wconf 88' lang='lat' dir='ltr'><strong>dic,</strong></span> <span class='ocrx_word' id='word_1_183' title='bbox 1633 2914 1903 2969; x_wconf 87' lang='lat' dir='ltr'><strong>maxima</strong></span> <span class='ocrx_word' id='word_1_184' title='bbox 1927 2930 2132 2969; x_wconf 92' lang='lat' dir='ltr'><strong>rerum</strong></span> <span class='ocrx_word' id='word_1_185' title='bbox 2155 2911 2167 2968; x_wconf 74' lang='grc' dir='ltr'>ἔ</span> <span class='ocrx_word' id='word_1_186' title='bbox 2197 2917 2296 2969; x_wconf 90' lang='grc'>130</span> 
     </span>
    </p>
   </div>
   <div class='ocr_carea' id='block_1_3' title="bbox 500 3148 2162 3290">
    <p class='ocr_par' dir='ltr' id='par_1_3' title="bbox 500 3148 2162 3290">
     <span class='ocr_line' id='line_1_29' title="bbox 615 3148 2162 3214; baseline -0.002 -12"><span class='ocrx_word' id='word_1_187' title='bbox 615 3152 637 3183; x_wconf 82' lang='lat'>¹</span> <span class='ocrx_word' id='word_1_188' title='bbox 676 3152 950 3202; x_wconf 86' lang='lat' dir='ltr'><strong>Maximus</strong></span> <span class='ocrx_word' id='word_1_189' title='bbox 973 3150 1083 3200; x_wconf 89' lang='lat' dir='ltr'><strong>and</strong></span> <span class='ocrx_word' id='word_1_190' title='bbox 1107 3149 1403 3213; x_wconf 84' lang='lat' dir='ltr'><strong>Eugenius.</strong></span> <span class='ocrx_word' id='word_1_191' title='bbox 1474 3149 1575 3200; x_wconf 93' lang='lat' dir='ltr'><strong>See</strong></span> <span class='ocrx_word' id='word_1_192' title='bbox 1600 3148 1988 3208; x_wconf 84' lang='lat' dir='ltr'><strong>Introduction,</strong></span> <span class='ocrx_word' id='word_1_193' title='bbox 2012 3165 2067 3214; x_wconf 88' lang='lat' dir='ltr'><strong>p.</strong></span> <span class='ocrx_word' id='word_1_194' title='bbox 2092 3151 2162 3199; x_wconf 87' lang='lat' dir='ltr'><strong>ix.</strong></span> 
     </span>
     <span class='ocr_line' id='line_1_30' title="bbox 500 3240 572 3290; baseline 0 0"><span class='ocrx_word' id='word_1_195' title='bbox 500 3240 572 3290; x_wconf 91' lang='lat'><strong>10</strong></span> 
     </span>
    </p>
   </div>
  </div>
 </body>
</html>
