2511 3938
1168 348 1617 410 CLAUDIAN

569 518 608 547 ‘⁶
633 510 852 569 Nonne
881 513 1035 569 mori
1064 514 1278 581 satim,
1307 514 1475 570 vitae
1504 530 1693 589 quam
1719 509 1881 569 ferre
1911 509 2209 587 pudorem
2235 508 2257 565 ?

491 619 636 659 nam
661 619 822 678 quae
848 604 972 659 iam
999 604 1169 679 regio
1195 610 1414 671 restat,
1442 605 1493 660 si
1519 601 1733 660 dedita
1761 600 1997 659 Mauris

489 691 738 769 regibus
768 690 1020 769 Illyricis
1047 694 1374 750 accesserit
1400 689 1610 750 Africa
1637 691 1874 750 damnis
1900 691 1924 749 Ρ

489 784 584 838 ius
614 780 883 851 Latium,
911 781 1077 860 quod
1103 790 1251 839 tunc
1282 782 1502 840 Meroe
1532 781 1863 859 Rubroque
1890 779 2130 838 solebat

493 870 742 929 Oceano
768 873 952 949 cingi,
978 870 1297 950 Tyrrhena
1323 870 1628 930 clauditur
1654 871 1820 929 unda
1846 890 1862 941 3
2194 877 2295 924 455

492 968 559 1019 et
585 963 681 1018 cui
708 981 832 1019 non
861 960 1054 1031 Nilus,
1080 981 1205 1020 non
1229 960 1442 1020 intulit
1470 960 1647 1020 India
1672 969 1871 1019 metas
1878 1003 1895 1030 ,

491 1054 750 1114 Romani
775 1059 900 1113 iam
926 1055 1061 1113 finis
1090 1059 1209 1114 erit
1233 1054 1546 1115 Trinacria
1571 1059 1768 1134 regni.

488 1148 578 1204 ite
604 1149 934 1224 recepturi,
958 1146 1191 1223 praedo
1218 1165 1405 1224 quem
1432 1145 1700 1216 sustulit,
1728 1164 1911 1204 axem
1986 1183 1990 1186 -

491 1244 900 1313 ereptumque
928 1234 1160 1294 Notum
1187 1254 1203 1306 3
1251 1244 1441 1313 caput
1464 1234 1875 1312 insuperabile
1902 1254 2106 1293 rerum

490 1333 601 1383 aut
624 1334 767 1384 ruet
790 1329 856 1382 in
881 1329 1098 1384 vestris
1126 1334 1236 1384 aut
1262 1326 1454 1384 stabit
1481 1325 1676 1384 Roma
1700 1325 1966 1384 lacertis,
2194 1332 2297 1381 460

488 1421 588 1474 tot
614 1415 764 1473 mihi
791 1415 1032 1474 debetis
1059 1415 1318 1494 populos
1324 1458 1339 1486 ‚
1368 1423 1466 1474 tot
1491 1435 1653 1485 rura,
1681 1422 1780 1474 tot
1805 1415 1987 1473 urbes

490 1509 759 1564 amissaS.
841 1526 963 1564 uno
992 1504 1255 1584 Libyam
1283 1504 1604 1564 defendite
1630 1504 1814 1563 bello,

488 1604 723 1654 vestros
749 1599 1075 1673 imperium
1100 1614 1300 1654 remos
1330 1604 1396 1654 et
1422 1603 1628 1654 vestra
1654 1603 1950 1673 sequatur

488 1686 757 1744 carbasa.
839 1685 1163 1762 despectas
1191 1694 1360 1744 trans
1390 1704 1658 1764 aequora
1684 1684 1891 1744 ducite
1916 1684 2109 1763 leges·

489 1778 677 1833 tertia
702 1778 828 1833 iam
854 1773 1033 1833 solito
1059 1778 1265 1833 cervix
1292 1795 1582 1833 mucrone
1607 1784 1849 1834 rotetur
2190 1782 2297 1831 465

488 1864 746 1922 tandem
770 1863 1040 1922 funereis
1067 1864 1253 1922 finem
1278 1868 1553 1942 positura
1577 1860 1920 1944 tyranniS.’'

567 1953 792 2015 Omina
818 1957 1191 2014 conveniunt
1217 1955 1384 2015 dicto
1409 1953 1734 2034 fulvusque
1760 1955 2055 2014 Tonantis

490 2048 756 2123 armiger
782 2066 819 2103 a
843 2044 1075 2123 liquida
1102 2049 1337 2104 cunctis
1364 2047 1786 2124 spectantibus
1815 2045 2033 2104 aethra

489 2143 839 2213 correptum
864 2135 1126 2213 pedibus
1153 2139 1350 2194 curvis
1375 2139 1660 2194 innexuit
1685 2136 1971 2214 hydrum,

490 2224 762 2302 dumque
789 2224 1200 2284 reluctantem
1226 2246 1433 2284 morsu
1458 2229 1724 2302 partitur
1750 2227 2010 2295 obuncO‚
2192 2234 2300 2284 470

489 2313 691 2373 haesit
716 2319 781 2372 in
809 2335 1015 2393 ungue
1042 2324 1231 2392 caput
1257 2334 1273 2386 ;
1321 2324 1640 2374 truncatus
1667 2316 1900 2375 decidit
1925 2318 2164 2393 anguis,

486 2404 656 2463 ilicet
684 2408 951 2483 auguriis
979 2404 1208 2463 alacres
1233 2424 1348 2483 per
1373 2425 1522 2464 saxa
1547 2408 1722 2464 citati

489 2502 921 2572 torrentesque
949 2504 1137 2553 ruunt
1162 2514 1178 2565 ;
1227 2515 1342 2553 nec
1369 2515 1541 2554 mons
1570 2503 1679 2553 aut
1706 2494 1855 2553 silva
1881 2495 2161 2554 retardat
2188 2514 2203 2553 t

488 2584 760 2663 pendula
786 2604 901 2642 ceu
925 2588 1127 2662 parvis
1153 2593 1436 2643 moturae
1462 2584 1625 2643 bella
1650 2584 1875 2643 colonis

488 2678 729 2753 ingenti
755 2673 1041 2752 clangore
1067 2694 1251 2753 grues
1281 2678 1514 2733 aestiva
1539 2674 1896 2753 relinquunt
2196 2683 2306 2733 475

488 2764 767 2835 Thracia,
794 2784 933 2822 cum
960 2764 1174 2842 tepido
1198 2773 1561 2842 permutant
1588 2764 1916 2844 Strymona
1944 2764 2082 2822 Nilo
2110 2784 2125 2823 z

490 2855 802 2914 ordinibus
829 2857 1008 2913 variis
1034 2873 1147 2930 per
1173 2854 1384 2912 nubila
1410 2858 1646 2913 texitur
1673 2854 1799 2912 ales

491 2943 700 3005 littera
724 2963 1190 3022 pennarumque
1217 2947 1379 3002 notis
1407 2945 1805 3003 conscribitur
1832 2949 1961 3003 aer.

571 3034 662 3093 Ut
687 3033 908 3092 fluctus
936 3037 1204 3111 tetigere
1230 3037 1437 3103 mariS,
1463 3042 1612 3092 tunc
1640 3037 1832 3093 acrior
1859 3036 2008 3092 arsit

677 3155 698 3186 1
732 3153 848 3204 The
872 3153 1026 3203 other
1049 3157 1157 3203 two
1183 3152 1309 3203 bein
1379 3153 1655 3203 Maximus
1680 3152 1787 3203 and
1819 3153 2115 3218 EugeniuS.

1111 3217 1132 3249 ²
1176 3219 1263 3270 i.e.
1294 3224 1317 3269 t
1357 3236 1387 3270 e
1410 3217 1591 3270 Greek
1617 3221 1680 3269 A.

500 3306 612 3357 132
