2511 3938
1183 302 1632 361 CLAUDIAN

506 480 630 518 non
658 481 775 540 ego
803 462 901 520 vel
931 462 1191 541 Libycos
1218 483 1454 521 cessem
1481 462 1744 522 tolerare
1770 460 2009 521 labores

509 548 954 610 Sarmaticosve
980 555 1114 629 pati
1140 552 1346 611 medio
1374 554 1487 611 sub
1513 551 1739 631 frigore
1768 552 2016 620 CaurOS‚

504 644 553 698 si
581 649 673 711 tu,
702 641 918 712 Roma,
944 643 1094 701 velis
1122 661 1136 711 3
1183 662 1297 722 pro
1325 651 1390 701 te
1419 663 1836 721 quascumque
1862 662 1975 720 per
2000 661 2136 699 oras

502 732 725 789 ibimus
755 741 822 790 et
846 732 1013 791 nulla
1040 735 1153 792 sub
1182 742 1561 812 tempestate
1589 737 1883 792 timentes

503 820 763 880 solstitio
793 821 1074 893 Meroen,
1100 825 1320 882 bruma
1346 825 1789 902 temptabimus
1817 818 2159 881 Histrum.''
2210 829 2310 878 135

579 911 738 970 Tum
762 917 976 991 regina
1002 913 1197 972 refert
1224 935 1237 971 :
1287 924 1323 950 “
1351 935 1475 973 non
1507 934 1609 972 me
1645 914 1825 984 latet,
1851 913 2059 971 inclite
2085 920 2312 983 rector,

504 1003 670 1080 quod
696 1013 806 1062 tua
831 1024 942 1081 pro
972 1004 1153 1063 Latio
1179 1009 1451 1064 victricia
1477 1014 1678 1064 castra
1702 1004 1986 1064 laborant

504 1113 619 1151 nec
647 1095 813 1171 quod
838 1099 1156 1153 servitium
1182 1116 1386 1154 rursus
1415 1096 1757 1174 Furiaeque
1784 1094 2044 1154 rebelles

505 1183 815 1242 edomitae
841 1186 1090 1261 paribus
1118 1186 1231 1243 sub
1259 1194 1325 1244 te
1352 1186 1629 1244 cecidere
1655 1185 2000 1263 triumphis·

503 1277 614 1335 sed
639 1296 854 1354 precor
881 1277 995 1337 hoc
1022 1279 1252 1337 donum
1279 1299 1420 1337 cum
1444 1279 1734 1338 libertate
1761 1282 1995 1337 recenti
2209 1286 2310 1336 140

459 1445 464 1449 ²
505 1370 754 1440 adicias,
781 1375 830 1429 si
856 1392 1001 1429 vera
1028 1382 1241 1431 manet
1267 1377 1613 1431 reverentia
1638 1375 1849 1431 nostri.

503 1473 647 1522 sunt
673 1464 822 1521 mihi
846 1467 1153 1542 pubentes
1182 1465 1308 1524 alto
1336 1467 1415 1524 de
1443 1470 1674 1525 semine
1701 1465 1943 1534 fratreS‚

502 1561 761 1636 pignora
787 1579 926 1616 cara
956 1559 1156 1629 Probi,
1183 1559 1346 1618 festa
1374 1580 1524 1637 quos
1551 1560 1686 1618 luce
1713 1569 1950 1618 creatos

501 1654 635 1727 ipsa
661 1671 800 1708 meo
826 1650 950 1709 fovi
977 1656 1231 1730 gremio,
1313 1652 1616 1711 cunabula
1639 1657 1841 1730 parvis

501 1748 634 1821 ipsa
661 1744 826 1814 dedi,
853 1764 993 1802 cum
1020 1750 1232 1804 matris
1261 1766 1412 1804 onus
1443 1746 1674 1804 Lucina
1699 1748 1955 1805 beatum
2207 1754 2306 1803 145

502 1838 767 1896 solveret
795 1847 860 1895 et
887 1859 1141 1916 magnos
1167 1839 1516 1917 proferrent
1542 1840 1742 1899 sidera
1767 1850 2000 1918 partus,

501 1930 594 1989 his
623 1950 740 2010 ego
767 1952 881 1991 nec
910 1932 1134 1991 Decios
1160 1933 1443 2012 pulchros
1469 1932 1737 1994 fortesve
1768 1933 2057 1994 Metellos

499 2025 920 2102 praetulerim,
947 2048 1090 2097 non,
1120 2032 1224 2105 qui
1253 2027 1527 2086 Poenum
1554 2029 1847 2088 domuere
1874 2029 2165 2100 ferocem,

500 2119 813 2196 Scipiadas
843 2120 1155 2198 Gallisque
1183 2141 1377 2200 genus
1404 2122 1594 2181 fatale
1624 2123 1926 2182 Camillos,

498 2212 712 2294 Pieriis
738 2213 974 2292 pollent
1000 2216 1216 2274 studiis
1242 2215 1562 2295 multoque
1589 2218 1940 2276 redundant
2205 2228 2301 2275 150

500 2308 742 2386 eloquio
769 2328 784 2378 3
832 2328 947 2367 nec
974 2308 1221 2369 desidiis
1247 2310 1583 2388 dapibusve
1609 2316 1839 2389 paratis

495 2403 816 2482 indulgere
842 2406 1013 2462 iuvat
1039 2424 1154 2462 nec
1180 2414 1359 2464 tanta
1382 2406 1632 2465 licentia
1657 2410 1823 2466 vitae

500 2500 725 2576 adripit
753 2507 863 2556 aut
888 2519 1087 2557 mores
1115 2509 1289 2559 aetas
1314 2500 1536 2559 lasciva
1562 2500 1801 2560 relaxat
1828 2522 1842 2560 ε

498 2593 608 2650 sed
634 2592 919 2669 gravibus
946 2596 1103 2649 curis
1131 2598 1402 2651 animum
1428 2598 1645 2652 sortita
1671 2594 1925 2652 senilem

496 2688 680 2764 ignea
705 2684 1004 2763 longaevo
1029 2684 1308 2745 frenatur
1333 2687 1514 2745 corde
1540 2691 1847 2746 iuventus,
2203 2700 2300 2747 155

494 2778 631 2848 iuis,
660 2798 846 2856 quam
871 2782 1180 2857 propriam
1208 2781 1440 2838 ducunt
1468 2782 1546 2838 ab
1574 2785 1829 2859 origine,
1857 2791 2085 2841 sortem

497 2893 740 2931 oramus
765 2875 1065 2952 praebere
1094 2874 1240 2931 velis
1269 2877 1534 2951 annique
1562 2873 1839 2933 futurum
1900 2953 1905 2958 ι

497 2967 799 3026 devoveas
827 2971 1128 3026 venientis
1152 2972 1293 3026 iter.
1373 2989 1495 3027 non
1522 2972 1801 3047 improba
1825 2991 2030 3048 posce,

495 3082 618 3120 non
642 3064 887 3119 insueta
913 3061 1085 3119 dabis
1114 3082 1127 3119 ε
1176 3062 1392 3120 domus
1419 3062 1572 3121 haec
1600 3064 1678 3121 de
1706 3084 1874 3122 more
1901 3069 2179 3143 requirit.

496 3155 698 3214 adnue
727 3174 742 3212 t
789 3158 874 3213 sic
899 3155 1073 3212 nobis
1101 3154 1419 3234 Scythicus
1445 3154 1779 3215 famuletur
1806 3159 2063 3228 AraxeS,
2201 3170 2299 3221 160

501 3243 573 3293 12
