2511 3938
1089 952 1681 1012 PANEGYRICUS

484 1048 601 1107 DE
629 1049 977 1123 QUARTO
999 1047 1503 1108 CONSULATU
1526 1046 1891 1107 HONORII
1912 1049 2288 1109 AUGUSTI

1274 1204 1503 1285 (vm.)

558 1368 861 1445 Auspiciis
888 1371 1115 1425 iterum
1145 1386 1281 1425 sese
1309 1366 1617 1445 regalibus
1647 1388 1841 1425 annus

481 1450 683 1509 induit
710 1458 777 1508 et
802 1458 951 1508 nota
977 1448 1200 1507 fruitur
1224 1452 1553 1507 iactantior
1579 1449 1740 1518 aula,

479 1530 690 1589 limina
717 1551 832 1589 nec
857 1534 1019 1609 passi
1047 1534 1275 1589 circum
1301 1534 1543 1607 privata
1568 1533 1792 1589 morari

483 1612 768 1671 exultant
797 1613 1053 1671 reduces
1085 1612 1372 1690 Augusto
1403 1611 1649 1671 consule
1680 1611 1897 1670 fasceS.

481 1698 675 1753 cernis
706 1703 778 1752 ut
808 1714 1115 1752 armorum
1142 1713 1426 1772 proceres
1455 1693 1788 1772 legumque
1817 1702 2108 1772 potentes
2256 1704 2289 1752 5

478 1779 764 1853 patricios
794 1784 1041 1834 sumant
1059 1776 1083 1813 1
1112 1775 1406 1834 habitus?
1478 1784 1545 1834 et
1572 1795 1742 1834 more
1773 1774 2014 1835 Gabino

480 1856 737 1915 discolor
765 1857 997 1915 incedit
1026 1857 1188 1935 legio
1217 1860 1557 1935 positisque
1586 1877 1918 1935 parumper

480 1937 779 1997 bellorum
808 1942 995 2017 signis
1026 1942 1307 2018 sequitur
1335 1938 1559 1999 vexilla
1590 1939 1846 2014 Quirini.

476 2020 675 2080 lictori
704 2021 934 2080 cedunt
964 2021 1206 2099 aquilae
1234 2022 1524 2100 ridetque
1553 2030 1804 2100 togatus

479 2102 652 2161 miles
685 2111 751 2161 et
777 2107 844 2161 in
872 2103 1089 2162 mediis
1121 2102 1379 2181 effulget
1407 2107 1575 2162 curia
1603 2107 1838 2162 castris.
2223 2113 2288 2164 10

476 2188 610 2262 ipsa
639 2183 918 2244 Palatino
945 2184 1401 2244 circumvallata
1427 2194 1649 2244 senatu

476 2270 600 2325 iam
627 2268 909 2325 trabeam
935 2265 1187 2325 Bellona
1213 2271 1379 2345 gerit
1403 2287 1806 2345 parmamque
1833 2271 2097 2326 removit

480 2357 545 2406 et
573 2348 817 2426 galeam
847 2369 1046 2407 sacras
1076 2353 1303 2407 umeris
1332 2358 1586 2408 vectura
1614 2349 1873 2408 curules,

477 2449 591 2488 nec
620 2439 686 2488 te
715 2430 1048 2508 laurigeras
1076 2430 1334 2508 pudeat,
1365 2430 1654 2501 Gradive,
1683 2451 1925 2490 secures

476 2520 699 2589 pacata
726 2520 973 2589 gestare
1001 2532 1190 2570 manu
1221 2512 1526 2590 Latiaque
1555 2516 1887 2571 micantem
2222 2522 2286 2571 15

475 2593 723 2651 loricam
748 2602 991 2652 mutare
1018 2602 1188 2671 toga,
1215 2594 1365 2652 dum
1389 2592 1625 2652 ferreus
1651 2593 1870 2653 haeret

475 2695 684 2733 currus
713 2683 779 2733 et
806 2675 1056 2733 Eridani
1083 2675 1308 2734 ludunt
1333 2696 1445 2754 per
1470 2684 1650 2753 prata
1674 2675 1932 2754 iugales·

555 2755 743 2814 Haud
768 2757 1023 2835 indigna
1049 2756 1165 2815 coli
1192 2778 1307 2816 nec
1335 2777 1532 2835 nuper
1557 2761 1805 2836 cognita
1834 2756 2027 2816 Marti

480 2836 666 2916 Ulpia
693 2843 1018 2916 progenies
1049 2848 1116 2897 et
1144 2859 1305 2916 quae
1334 2839 1689 2898 diademata
1715 2839 1945 2898 mundo

475 2923 699 2997 sparsit
729 2919 964 2979 Hibera
994 2920 1231 2979 domus,
1312 2940 1426 2979 nec
1456 2929 1699 2979 tantam
1728 2920 1901 2978 vilior
1929 2920 2096 2980 unda
2214 2930 2284 2980 20

544 3037 561 3068 ¹
594 3042 813 3088 sumant
835 3037 886 3087 B
903 3055 923 3097 ;
957 3038 1083 3089 Birt
1107 3040 1264 3090 reads
1287 3043 1530 3099 sumunt,
1544 3038 1832 3105 followiny
1855 3040 1938 3090 the
1959 3040 2106 3090 other
2126 3054 2244 3092 uss,

723 3203 744 3234 ¹
781 3203 860 3254 As
885 3201 1143 3267 marking
1165 3218 1200 3252 a
1221 3201 1467 3262 festival;
1501 3219 1590 3253 see
1614 3207 1741 3254 note
1766 3219 1837 3253 on
1860 3203 1953 3253 vii.
1978 3205 2028 3253 3.

475 3284 592 3344 286
