<?xml version="1.0" encoding="UTF-8"?>
<!DOCTYPE html PUBLIC "-//W3C//DTD XHTML 1.0 Transitional//EN"
    "http://www.w3.org/TR/xhtml1/DTD/xhtml1-transitional.dtd">
<html xmlns="http://www.w3.org/1999/xhtml" xml:lang="en" lang="en">
 <head>
  <title>
</title>
<meta http-equiv="Content-Type" content="text/html;charset=utf-8" />
  <meta name='ocr-system' content='tesseract 3.04.00' />
  <meta name='ocr-capabilities' content='ocr_page ocr_carea ocr_par ocr_line ocrx_word'/>
</head>
<body>
  <div class='ocr_page' id='page_1' title='image "./claudianvolume00claugoog_0378.png"; bbox 0 0 2511 3938; ppageno 0'>
   <div class='ocr_carea' id='block_1_1' title="bbox 1193 363 1642 424">
    <p class='ocr_par' dir='ltr' id='par_1_1' title="bbox 1193 363 1642 424">
     <span class='ocr_line' id='line_1_1' title="bbox 1193 363 1642 424; baseline 0 0"><span class='ocrx_word' id='word_1_1' title='bbox 1193 363 1642 424; x_wconf 90' lang='lat' dir='ltr'>CLAUDIAN</span> 
     </span>
    </p>
   </div>
   <div class='ocr_carea' id='block_1_2' title="bbox 517 529 2343 3355">
    <p class='ocr_par' dir='ltr' id='par_1_2' title="bbox 518 529 2016 605">
     <span class='ocr_line' id='line_1_2' title="bbox 518 529 2016 605; baseline 0.001 -21"><span class='ocrx_word' id='word_1_2' title='bbox 518 529 817 585; x_wconf 89' lang='lat' dir='ltr'><strong>materiae</strong></span> <span class='ocrx_word' id='word_1_3' title='bbox 846 546 1058 586; x_wconf 85' lang='lat' dir='ltr'><strong>causas</strong></span> <span class='ocrx_word' id='word_1_4' title='bbox 1087 547 1101 585; x_wconf 90' lang='lat'>:</span> <span class='ocrx_word' id='word_1_5' title='bbox 1145 547 1305 605; x_wconf 92' lang='lat' dir='ltr'><strong>quae</strong></span> <span class='ocrx_word' id='word_1_6' title='bbox 1335 532 1424 587; x_wconf 87' lang='lat' dir='ltr'><strong>vis</strong></span> <span class='ocrx_word' id='word_1_7' title='bbox 1455 530 1820 586; x_wconf 89' lang='lat' dir='ltr'><strong>animaverit</strong></span> <span class='ocrx_word' id='word_1_8' title='bbox 1850 534 2016 585; x_wconf 87' lang='lat' dir='ltr'><strong>astra</strong></span> 
     </span>
    </p>

    <p class='ocr_par' dir='ltr' id='par_1_3' title="bbox 517 624 2156 705">
     <span class='ocr_line' id='line_1_3' title="bbox 517 624 2156 705; baseline 0.001 -23"><span class='ocrx_word' id='word_1_9' title='bbox 517 624 952 705; x_wconf 82' lang='lat' dir='ltr'><strong>impuleritque</strong></span> <span class='ocrx_word' id='word_1_10' title='bbox 980 625 1192 685; x_wconf 89' lang='lat' dir='ltr'><strong>choros</strong></span> <span class='ocrx_word' id='word_1_11' title='bbox 1219 646 1234 697; x_wconf 99' lang='lat'><em>3</em></span> <span class='ocrx_word' id='word_1_12' title='bbox 1285 647 1407 705; x_wconf 93' lang='lat' dir='ltr'><strong>quo</strong></span> <span class='ocrx_word' id='word_1_13' title='bbox 1433 630 1601 686; x_wconf 89' lang='lat' dir='ltr'><strong>vivat</strong></span> <span class='ocrx_word' id='word_1_14' title='bbox 1628 626 1911 685; x_wconf 89' lang='lat' dir='ltr'><strong>machina</strong></span> <span class='ocrx_word' id='word_1_15' title='bbox 1936 634 2112 684; x_wconf 91' lang='lat' dir='ltr'><strong>motu</strong></span> <span class='ocrx_word' id='word_1_16' title='bbox 2140 645 2156 695; x_wconf 96' lang='lat'><em>3</em></span> 
     </span>
    </p>

    <p class='ocr_par' dir='ltr' id='par_1_4' title="bbox 519 724 1901 803">
     <span class='ocr_line' id='line_1_4' title="bbox 519 724 1901 803; baseline 0.001 -22"><span class='ocrx_word' id='word_1_17' title='bbox 519 724 721 783; x_wconf 90' lang='lat' dir='ltr'><strong>sidera</strong></span> <span class='ocrx_word' id='word_1_18' title='bbox 745 745 852 783; x_wconf 90' lang='lat' dir='ltr'><strong>cur</strong></span> <span class='ocrx_word' id='word_1_19' title='bbox 877 734 1120 803; x_wconf 83' lang='lat' dir='ltr'><strong>septem</strong></span> <span class='ocrx_word' id='word_1_20' title='bbox 1145 734 1312 784; x_wconf 89' lang='lat' dir='ltr'><strong>retro</strong></span> <span class='ocrx_word' id='word_1_21' title='bbox 1338 730 1617 785; x_wconf 88' lang='lat' dir='ltr'><strong>nitantur</strong></span> <span class='ocrx_word' id='word_1_22' title='bbox 1641 728 1707 783; x_wconf 91' lang='lat' dir='ltr'><strong>in</strong></span> <span class='ocrx_word' id='word_1_23' title='bbox 1732 734 1901 784; x_wconf 88' lang='lat' dir='ltr'><strong>ortus</strong></span> 
     </span>
    </p>

    <p class='ocr_par' dir='ltr' id='par_1_5' title="bbox 521 821 1887 903">
     <span class='ocr_line' id='line_1_5' title="bbox 521 821 1887 903; baseline 0.001 -23"><span class='ocrx_word' id='word_1_24' title='bbox 521 821 838 883; x_wconf 89' lang='lat' dir='ltr'><strong>obluctata</strong></span> <span class='ocrx_word' id='word_1_25' title='bbox 862 823 1004 903; x_wconf 94' lang='lat' dir='ltr'><strong>polo</strong></span> <span class='ocrx_word' id='word_1_26' title='bbox 1030 843 1048 894; x_wconf 91' lang='lat'><em>3</em></span> <span class='ocrx_word' id='word_1_27' title='bbox 1095 827 1357 883; x_wconf 83' lang='lat' dir='ltr'><strong>variisne</strong></span> <span class='ocrx_word' id='word_1_28' title='bbox 1384 825 1692 883; x_wconf 82' lang='lat' dir='ltr'><strong>meatibus</strong></span> <span class='ocrx_word' id='word_1_29' title='bbox 1718 825 1887 884; x_wconf 91' lang='lat' dir='ltr'><strong>idem</strong></span> 
     </span>
    </p>

    <p class='ocr_par' dir='ltr' id='par_1_6' title="bbox 521 923 2171 1003">
     <span class='ocr_line' id='line_1_6' title="bbox 521 923 2171 1003; baseline 0.001 -23"><span class='ocrx_word' id='word_1_30' title='bbox 521 923 754 982; x_wconf 84' lang='lat' dir='ltr'><strong>arbiter</strong></span> <span class='ocrx_word' id='word_1_31' title='bbox 781 944 861 981; x_wconf 90' lang='lat' dir='ltr'><strong>an</strong></span> <span class='ocrx_word' id='word_1_32' title='bbox 888 928 1173 1003; x_wconf 90' lang='lat' dir='ltr'><strong>geminae</strong></span> <span class='ocrx_word' id='word_1_33' title='bbox 1203 933 1569 984; x_wconf 89' lang='lat' dir='ltr'><strong>convertant</strong></span> <span class='ocrx_word' id='word_1_34' title='bbox 1598 924 1854 983; x_wconf 88' lang='lat' dir='ltr'><strong>aethera</strong></span> <span class='ocrx_word' id='word_1_35' title='bbox 1882 932 2126 981; x_wconf 86' lang='lat' dir='ltr'><strong>mentes</strong></span> <span class='ocrx_word' id='word_1_36' title='bbox 2152 943 2171 993; x_wconf 92' lang='lat'><em>3</em></span> 
     </span>
    </p>

    <p class='ocr_par' dir='ltr' id='par_1_7' title="bbox 520 1021 2332 1102">
     <span class='ocr_line' id='line_1_7' title="bbox 520 1021 2332 1102; baseline 0.001 -23"><span class='ocrx_word' id='word_1_37' title='bbox 520 1026 684 1081; x_wconf 89' lang='lat' dir='ltr'><strong>sitne</strong></span> <span class='ocrx_word' id='word_1_38' title='bbox 710 1021 872 1081; x_wconf 91' lang='lat' dir='ltr'><strong>color</strong></span> <span class='ocrx_word' id='word_1_39' title='bbox 896 1028 1174 1102; x_wconf 91' lang='lat' dir='ltr'><strong>proprius</strong></span> <span class='ocrx_word' id='word_1_40' title='bbox 1201 1044 1428 1095; x_wconf 91' lang='lat' dir='ltr'><strong>rerum,</strong></span> <span class='ocrx_word' id='word_1_41' title='bbox 1454 1024 1686 1083; x_wconf 89' lang='lat' dir='ltr'><strong>lucisne</strong></span> <span class='ocrx_word' id='word_1_42' title='bbox 1713 1023 1960 1102; x_wconf 89' lang='lat' dir='ltr'><strong>repulsu</strong></span> <span class='ocrx_word' id='word_1_43' title='bbox 2231 1032 2332 1081; x_wconf 89' lang='grc'><strong>106</strong></span> 
     </span>
    </p>

    <p class='ocr_par' dir='ltr' id='par_1_8' title="bbox 523 1120 2023 1202">
     <span class='ocr_line' id='line_1_8' title="bbox 523 1120 2023 1202; baseline 0.001 -22"><span class='ocrx_word' id='word_1_44' title='bbox 523 1120 778 1181; x_wconf 89' lang='lat' dir='ltr'><strong>eludant</strong></span> <span class='ocrx_word' id='word_1_45' title='bbox 804 1126 1000 1181; x_wconf 85' lang='lat' dir='ltr'><strong>aciem</strong></span> <span class='ocrx_word' id='word_1_46' title='bbox 1025 1142 1040 1193; x_wconf 93' lang='lat'><em>3</em></span> <span class='ocrx_word' id='word_1_47' title='bbox 1089 1123 1358 1183; x_wconf 90' lang='lat' dir='ltr'><strong>tumidos</strong></span> <span class='ocrx_word' id='word_1_48' title='bbox 1388 1143 1547 1202; x_wconf 90' lang='lat' dir='ltr'><strong>quae</strong></span> <span class='ocrx_word' id='word_1_49' title='bbox 1574 1122 1721 1182; x_wconf 89' lang='lat' dir='ltr'><strong>luna</strong></span> <span class='ocrx_word' id='word_1_50' title='bbox 1746 1143 2023 1182; x_wconf 90' lang='lat' dir='ltr'><strong>recursus</strong></span> 
     </span>
    </p>

    <p class='ocr_par' dir='ltr' id='par_1_9' title="bbox 522 1221 1996 1301">
     <span class='ocr_line' id='line_1_9' title="bbox 522 1221 1996 1301; baseline 0.001 -22"><span class='ocrx_word' id='word_1_51' title='bbox 522 1224 758 1280; x_wconf 89' lang='lat' dir='ltr'><strong>nutriat</strong></span> <span class='ocrx_word' id='word_1_52' title='bbox 786 1221 1020 1281; x_wconf 89' lang='lat' dir='ltr'><strong>Oceani</strong></span> <span class='ocrx_word' id='word_1_53' title='bbox 1046 1242 1062 1292; x_wconf 92' lang='lat'><em>3</em></span> <span class='ocrx_word' id='word_1_54' title='bbox 1112 1243 1234 1301; x_wconf 93' lang='lat' dir='ltr'><strong>quo</strong></span> <span class='ocrx_word' id='word_1_55' title='bbox 1261 1221 1460 1282; x_wconf 86' lang='lat' dir='ltr'><strong>fracta</strong></span> <span class='ocrx_word' id='word_1_56' title='bbox 1486 1227 1760 1282; x_wconf 88' lang='lat' dir='ltr'><strong>tonitrua</strong></span> <span class='ocrx_word' id='word_1_57' title='bbox 1787 1231 1996 1293; x_wconf 90' lang='lat' dir='ltr'><strong>vent0,</strong></span> 
     </span>
    </p>

    <p class='ocr_par' dir='ltr' id='par_1_10' title="bbox 522 1320 2156 1399">
     <span class='ocr_line' id='line_1_10' title="bbox 522 1320 2156 1399; baseline 0.001 -21"><span class='ocrx_word' id='word_1_58' title='bbox 522 1323 657 1397; x_wconf 91' lang='lat' dir='ltr'><strong>quis</strong></span> <span class='ocrx_word' id='word_1_59' title='bbox 685 1320 894 1380; x_wconf 90' lang='lat' dir='ltr'><strong>trahat</strong></span> <span class='ocrx_word' id='word_1_60' title='bbox 919 1320 1263 1380; x_wconf 86' lang='lat' dir='ltr'><strong>imbriferas</strong></span> <span class='ocrx_word' id='word_1_61' title='bbox 1292 1323 1508 1392; x_wconf 82' lang='lat' dir='ltr'><strong>nubeS,</strong></span> <span class='ocrx_word' id='word_1_62' title='bbox 1539 1342 1661 1399; x_wconf 90' lang='lat' dir='ltr'><strong>quo</strong></span> <span class='ocrx_word' id='word_1_63' title='bbox 1690 1342 1840 1380; x_wconf 87' lang='lat' dir='ltr'><strong>saxa</strong></span> <span class='ocrx_word' id='word_1_64' title='bbox 1867 1328 2156 1380; x_wconf 86' lang='lat' dir='ltr'><strong>creentur</strong></span> 
     </span>
    </p>

    <p class='ocr_par' dir='ltr' id='par_1_11' title="bbox 520 1419 2335 1577">
     <span class='ocr_line' id='line_1_11' title="bbox 520 1419 2335 1500; baseline 0.001 -23"><span class='ocrx_word' id='word_1_65' title='bbox 520 1419 832 1496; x_wconf 85' lang='lat' dir='ltr'><strong>grandinis</strong></span> <span class='ocrx_word' id='word_1_66' title='bbox 858 1438 878 1490; x_wconf 89' lang='lat'><em>3</em></span> <span class='ocrx_word' id='word_1_67' title='bbox 939 1420 1104 1479; x_wconf 86' lang='lat' dir='ltr'><strong>unde</strong></span> <span class='ocrx_word' id='word_1_68' title='bbox 1147 1424 1312 1498; x_wconf 91' lang='lat' dir='ltr'><strong>rigor</strong></span> <span class='ocrx_word' id='word_1_69' title='bbox 1359 1421 1599 1480; x_wconf 86' lang='lat' dir='ltr'><strong>nivibus</strong></span> <span class='ocrx_word' id='word_1_70' title='bbox 1625 1440 1641 1491; x_wconf 93' lang='lat'><em>3</em></span> <span class='ocrx_word' id='word_1_71' title='bbox 1709 1440 1869 1500; x_wconf 89' lang='lat' dir='ltr'><strong>quae</strong></span> <span class='ocrx_word' id='word_1_72' title='bbox 1919 1419 2167 1479; x_wconf 88' lang='lat' dir='ltr'><strong>flamma</strong></span> <span class='ocrx_word' id='word_1_73' title='bbox 2215 1440 2335 1498; x_wconf 90' lang='lat' dir='ltr'><strong>per</strong></span> 
     </span>
     <span class='ocr_line' id='line_1_12' title="bbox 679 1526 2332 1577; baseline -0.001 0"><span class='ocrx_word' id='word_1_74' title='bbox 679 1539 858 1577; x_wconf 90' lang='lat' dir='ltr'><strong>auras</strong></span> <span class='ocrx_word' id='word_1_75' title='bbox 2232 1526 2332 1575; x_wconf 91' lang='grc'><strong>110</strong></span> 
     </span>
    </p>

    <p class='ocr_par' dir='ltr' id='par_1_12' title="bbox 525 1616 1928 1677">
     <span class='ocr_line' id='line_1_13' title="bbox 525 1616 1928 1677; baseline 0.002 -3"><span class='ocrx_word' id='word_1_76' title='bbox 525 1621 802 1676; x_wconf 87' lang='lat' dir='ltr'><strong>excutiat</strong></span> <span class='ocrx_word' id='word_1_77' title='bbox 826 1616 1040 1676; x_wconf 87' lang='lat' dir='ltr'><strong>rutilos</strong></span> <span class='ocrx_word' id='word_1_78' title='bbox 1067 1626 1301 1677; x_wconf 88' lang='lat' dir='ltr'><strong>tractus</strong></span> <span class='ocrx_word' id='word_1_79' title='bbox 1330 1627 1440 1677; x_wconf 90' lang='lat' dir='ltr'><strong>aut</strong></span> <span class='ocrx_word' id='word_1_80' title='bbox 1464 1617 1722 1677; x_wconf 86' lang='lat' dir='ltr'><strong>fulmina</strong></span> <span class='ocrx_word' id='word_1_81' title='bbox 1747 1618 1928 1677; x_wconf 85' lang='lat' dir='ltr'><strong>velox</strong></span> 
     </span>
    </p>

    <p class='ocr_par' dir='ltr' id='par_1_13' title="bbox 529 1716 2022 1796">
     <span class='ocr_line' id='line_1_14' title="bbox 529 1716 2022 1796; baseline 0.003 -24"><span class='ocrx_word' id='word_1_82' title='bbox 529 1721 823 1794; x_wconf 89' lang='lat' dir='ltr'><strong>torqueat</strong></span> <span class='ocrx_word' id='word_1_83' title='bbox 852 1724 962 1775; x_wconf 89' lang='lat' dir='ltr'><strong>aut</strong></span> <span class='ocrx_word' id='word_1_84' title='bbox 991 1719 1235 1775; x_wconf 89' lang='lat' dir='ltr'><strong>tristem</strong></span> <span class='ocrx_word' id='word_1_85' title='bbox 1265 1716 1419 1796; x_wconf 88' lang='lat' dir='ltr'><strong>figat</strong></span> <span class='ocrx_word' id='word_1_86' title='bbox 1447 1720 1665 1775; x_wconf 88' lang='lat' dir='ltr'><strong>crinita</strong></span> <span class='ocrx_word' id='word_1_87' title='bbox 1694 1726 2022 1777; x_wconf 89' lang='lat' dir='ltr'><strong>cometem.</strong></span> 
     </span>
    </p>

    <p class='ocr_par' dir='ltr' id='par_1_14' title="bbox 603 1815 2275 1895">
     <span class='ocr_line' id='line_1_15' title="bbox 603 1815 2275 1895; baseline -0.001 -22"><span class='ocrx_word' id='word_1_88' title='bbox 603 1815 737 1873; x_wconf 91' lang='lat' dir='ltr'><strong>Iam</strong></span> <span class='ocrx_word' id='word_1_89' title='bbox 765 1816 880 1874; x_wconf 90' lang='lat' dir='ltr'><strong>tibi</strong></span> <span class='ocrx_word' id='word_1_90' title='bbox 909 1819 1314 1894; x_wconf 86' lang='lat' dir='ltr'><strong>compositam</strong></span> <span class='ocrx_word' id='word_1_91' title='bbox 1342 1815 1712 1875; x_wconf 88' lang='lat' dir='ltr'><strong>fundaverat</strong></span> <span class='ocrx_word' id='word_1_92' title='bbox 1743 1837 1965 1876; x_wconf 88' lang='lat' dir='ltr'><strong>ancora</strong></span> <span class='ocrx_word' id='word_1_93' title='bbox 1991 1819 2275 1895; x_wconf 86' lang='lat' dir='ltr'><strong>puppim,</strong></span> 
     </span>
    </p>

    <p class='ocr_par' dir='ltr' id='par_1_15' title="bbox 522 1911 2015 1992">
     <span class='ocr_line' id='line_1_16' title="bbox 522 1911 2015 1992; baseline 0.001 -21"><span class='ocrx_word' id='word_1_94' title='bbox 522 1911 756 1972; x_wconf 86' lang='lat' dir='ltr'><strong>telluris</strong></span> <span class='ocrx_word' id='word_1_95' title='bbox 783 1916 908 1971; x_wconf 88' lang='lat' dir='ltr'><strong>iam</strong></span> <span class='ocrx_word' id='word_1_96' title='bbox 934 1921 1138 1972; x_wconf 87' lang='lat' dir='ltr'><strong>certus</strong></span> <span class='ocrx_word' id='word_1_97' title='bbox 1169 1917 1303 1973; x_wconf 84' lang='lat' dir='ltr'><strong>e&#39;ras</strong></span> <span class='ocrx_word' id='word_1_98' title='bbox 1330 1932 1346 1984; x_wconf 91' lang='lat'><em>3</em></span> <span class='ocrx_word' id='word_1_99' title='bbox 1395 1912 1660 1974; x_wconf 89' lang='lat' dir='ltr'><strong>fecunda</strong></span> <span class='ocrx_word' id='word_1_100' title='bbox 1686 1913 2015 1992; x_wconf 88' lang='lat' dir='ltr'><strong>placebant</strong></span> 
     </span>
    </p>

    <p class='ocr_par' dir='ltr' id='par_1_16' title="bbox 525 2012 2338 2083">
     <span class='ocr_line' id='line_1_17' title="bbox 525 2012 2338 2083; baseline -0.001 -12"><span class='ocrx_word' id='word_1_101' title='bbox 525 2016 653 2072; x_wconf 89' lang='lat' dir='ltr'><strong>otia</strong></span> <span class='ocrx_word' id='word_1_102' title='bbox 678 2031 693 2083; x_wconf 96' lang='lat'><em>3</em></span> <span class='ocrx_word' id='word_1_103' title='bbox 740 2021 1065 2072; x_wconf 89' lang='lat' dir='ltr'><strong>nascentes</strong></span> <span class='ocrx_word' id='word_1_104' title='bbox 1089 2014 1267 2072; x_wconf 90' lang='lat' dir='ltr'><strong>ibant</strong></span> <span class='ocrx_word' id='word_1_105' title='bbox 1291 2017 1357 2071; x_wconf 90' lang='lat' dir='ltr'><strong>in</strong></span> <span class='ocrx_word' id='word_1_106' title='bbox 1382 2012 1625 2072; x_wconf 90' lang='lat' dir='ltr'><strong>saecula</strong></span> <span class='ocrx_word' id='word_1_107' title='bbox 1648 2013 1788 2072; x_wconf 90' lang='lat' dir='ltr'><strong>libri</strong></span> <span class='ocrx_word' id='word_1_108' title='bbox 1816 2034 1830 2072; x_wconf 73' lang='grc' dir='ltr'>ι</span> <span class='ocrx_word' id='word_1_109' title='bbox 2235 2021 2338 2069; x_wconf 85' lang='grc'><strong>115</strong></span> 
     </span>
    </p>

    <p class='ocr_par' dir='ltr' id='par_1_17' title="bbox 524 2111 2056 2191">
     <span class='ocr_line' id='line_1_18' title="bbox 524 2111 2056 2191; baseline 0.001 -21"><span class='ocrx_word' id='word_1_110' title='bbox 524 2132 664 2170; x_wconf 90' lang='lat' dir='ltr'><strong>cum</strong></span> <span class='ocrx_word' id='word_1_111' title='bbox 690 2112 893 2171; x_wconf 91' lang='lat' dir='ltr'><strong>subito</strong></span> <span class='ocrx_word' id='word_1_112' title='bbox 918 2111 1152 2191; x_wconf 90' lang='lat' dir='ltr'><strong>liquida</strong></span> <span class='ocrx_word' id='word_1_113' title='bbox 1177 2121 1524 2171; x_wconf 89' lang='lat' dir='ltr'><strong>cessantem</strong></span> <span class='ocrx_word' id='word_1_114' title='bbox 1549 2112 1705 2172; x_wconf 87' lang='lat' dir='ltr'><strong>vidit</strong></span> <span class='ocrx_word' id='word_1_115' title='bbox 1733 2113 1813 2171; x_wconf 88' lang='lat' dir='ltr'><strong>ab</strong></span> <span class='ocrx_word' id='word_1_116' title='bbox 1839 2113 2056 2172; x_wconf 90' lang='lat' dir='ltr'><strong>aethra</strong></span> 
     </span>
    </p>

    <p class='ocr_par' dir='ltr' id='par_1_18' title="bbox 528 2211 1835 2291">
     <span class='ocr_line' id='line_1_19' title="bbox 528 2211 1835 2291; baseline 0.002 -22"><span class='ocrx_word' id='word_1_117' title='bbox 528 2211 773 2270; x_wconf 92' lang='lat' dir='ltr'><strong>Iustitia</strong></span> <span class='ocrx_word' id='word_1_118' title='bbox 802 2220 868 2271; x_wconf 93' lang='lat' dir='ltr'><strong>et</strong></span> <span class='ocrx_word' id='word_1_119' title='bbox 896 2220 1075 2271; x_wconf 89' lang='lat' dir='ltr'><strong>tanto</strong></span> <span class='ocrx_word' id='word_1_120' title='bbox 1103 2212 1385 2271; x_wconf 90' lang='lat' dir='ltr'><strong>viduatas</strong></span> <span class='ocrx_word' id='word_1_121' title='bbox 1413 2211 1614 2271; x_wconf 89' lang='lat' dir='ltr'><strong>iudice</strong></span> <span class='ocrx_word' id='word_1_122' title='bbox 1642 2211 1835 2291; x_wconf 81' lang='lat' dir='ltr'><strong>legeS.</strong></span> 
     </span>
    </p>

    <p class='ocr_par' dir='ltr' id='par_1_19' title="bbox 526 2310 1888 2389">
     <span class='ocr_line' id='line_1_20' title="bbox 526 2310 1888 2389; baseline -0.001 -19"><span class='ocrx_word' id='word_1_123' title='bbox 526 2314 816 2370; x_wconf 87' lang='lat' dir='ltr'><strong>continuo</strong></span> <span class='ocrx_word' id='word_1_124' title='bbox 845 2310 1117 2370; x_wconf 86' lang='lat' dir='ltr'><strong>frontem</strong></span> <span class='ocrx_word' id='word_1_125' title='bbox 1145 2311 1336 2370; x_wconf 90' lang='lat' dir='ltr'><strong>limbo</strong></span> <span class='ocrx_word' id='word_1_126' title='bbox 1365 2311 1571 2370; x_wconf 87' lang='lat' dir='ltr'><strong>velata</strong></span> <span class='ocrx_word' id='word_1_127' title='bbox 1599 2312 1888 2389; x_wconf 89' lang='lat' dir='ltr'><strong>pudicam</strong></span> 
     </span>
    </p>

    <p class='ocr_par' dir='ltr' id='par_1_20' title="bbox 526 2410 2134 2490">
     <span class='ocr_line' id='line_1_21' title="bbox 526 2410 2134 2490; baseline 0 -21"><span class='ocrx_word' id='word_1_128' title='bbox 526 2410 758 2469; x_wconf 90' lang='lat' dir='ltr'><strong>deserit</strong></span> <span class='ocrx_word' id='word_1_129' title='bbox 784 2410 1086 2469; x_wconf 90' lang='lat' dir='ltr'><strong>Autumni</strong></span> <span class='ocrx_word' id='word_1_130' title='bbox 1111 2419 1342 2489; x_wconf 90' lang='lat' dir='ltr'><strong>portas,</strong></span> <span class='ocrx_word' id='word_1_131' title='bbox 1370 2431 1493 2488; x_wconf 90' lang='lat' dir='ltr'><strong>qua</strong></span> <span class='ocrx_word' id='word_1_132' title='bbox 1517 2413 1720 2490; x_wconf 88' lang='lat' dir='ltr'><strong>vergit</strong></span> <span class='ocrx_word' id='word_1_133' title='bbox 1743 2413 1809 2468; x_wconf 92' lang='lat' dir='ltr'><strong>in</strong></span> <span class='ocrx_word' id='word_1_134' title='bbox 1835 2411 2134 2486; x_wconf 86' lang='lat' dir='ltr'><strong>Austrum</strong></span> 
     </span>
    </p>

    <p class='ocr_par' dir='ltr' id='par_1_21' title="bbox 526 2507 2342 2588">
     <span class='ocr_line' id='line_1_22' title="bbox 526 2507 2342 2588; baseline 0.001 -21"><span class='ocrx_word' id='word_1_135' title='bbox 526 2507 792 2588; x_wconf 88' lang='lat' dir='ltr'><strong>Signifer</strong></span> <span class='ocrx_word' id='word_1_136' title='bbox 820 2518 887 2567; x_wconf 90' lang='lat' dir='ltr'><strong>et</strong></span> <span class='ocrx_word' id='word_1_137' title='bbox 913 2513 1108 2568; x_wconf 90' lang='lat' dir='ltr'><strong>noctis</strong></span> <span class='ocrx_word' id='word_1_138' title='bbox 1137 2517 1428 2588; x_wconf 89' lang='lat' dir='ltr'><strong>reparant</strong></span> <span class='ocrx_word' id='word_1_139' title='bbox 1456 2508 1778 2587; x_wconf 88' lang='lat' dir='ltr'><strong>dispendia</strong></span> <span class='ocrx_word' id='word_1_140' title='bbox 1806 2508 2055 2568; x_wconf 91' lang='lat' dir='ltr'><strong>Chelae.</strong></span> <span class='ocrx_word' id='word_1_141' title='bbox 2239 2519 2342 2569; x_wconf 88' lang='grc'><strong>120</strong></span> 
     </span>
    </p>

    <p class='ocr_par' dir='ltr' id='par_1_22' title="bbox 527 2607 2342 2688">
     <span class='ocr_line' id='line_1_23' title="bbox 527 2607 2342 2688; baseline 0.002 -22"><span class='ocrx_word' id='word_1_142' title='bbox 527 2629 651 2688; x_wconf 87' lang='lat' dir='ltr'><strong>pax</strong></span> <span class='ocrx_word' id='word_1_143' title='bbox 685 2609 918 2679; x_wconf 83' lang='lat' dir='ltr'><strong>avibuS‚</strong></span> <span class='ocrx_word' id='word_1_144' title='bbox 952 2628 1340 2686; x_wconf 90' lang='lat' dir='ltr'><strong>quacumque</strong></span> <span class='ocrx_word' id='word_1_145' title='bbox 1377 2607 1566 2679; x_wconf 88' lang='lat' dir='ltr'><strong>volat,</strong></span> <span class='ocrx_word' id='word_1_146' title='bbox 1597 2610 1956 2688; x_wconf 90' lang='lat' dir='ltr'><strong>rabiemque</strong></span> <span class='ocrx_word' id='word_1_147' title='bbox 1993 2608 2342 2670; x_wconf 91' lang='lat' dir='ltr'><strong>frementes</strong></span> 
     </span>
    </p>

    <p class='ocr_par' dir='ltr' id='par_1_23' title="bbox 528 2704 1893 2785">
     <span class='ocr_line' id='line_1_24' title="bbox 528 2704 1893 2785; baseline 0 -19"><span class='ocrx_word' id='word_1_148' title='bbox 528 2707 870 2785; x_wconf 90' lang='lat' dir='ltr'><strong>deposuere</strong></span> <span class='ocrx_word' id='word_1_149' title='bbox 898 2705 1067 2765; x_wconf 88' lang='lat' dir='ltr'><strong>ferae</strong></span> <span class='ocrx_word' id='word_1_150' title='bbox 1095 2726 1110 2777; x_wconf 97' lang='lat'><em>3</em></span> <span class='ocrx_word' id='word_1_151' title='bbox 1159 2704 1429 2765; x_wconf 90' lang='lat' dir='ltr'><strong>laetatur</strong></span> <span class='ocrx_word' id='word_1_152' title='bbox 1457 2715 1624 2766; x_wconf 90' lang='lat' dir='ltr'><strong>terra</strong></span> <span class='ocrx_word' id='word_1_153' title='bbox 1649 2727 1893 2767; x_wconf 85' lang='lat' dir='ltr'><strong>reverso</strong></span> 
     </span>
    </p>

    <p class='ocr_par' dir='ltr' id='par_1_24' title="bbox 529 2805 2159 2885">
     <span class='ocr_line' id='line_1_25' title="bbox 529 2805 2159 2885; baseline 0.001 -21"><span class='ocrx_word' id='word_1_154' title='bbox 529 2809 802 2875; x_wconf 89' lang='lat' dir='ltr'><strong>numine,</strong></span> <span class='ocrx_word' id='word_1_155' title='bbox 831 2805 997 2882; x_wconf 91' lang='lat' dir='ltr'><strong>quod</strong></span> <span class='ocrx_word' id='word_1_156' title='bbox 1022 2809 1204 2883; x_wconf 91' lang='lat' dir='ltr'><strong>prisci</strong></span> <span class='ocrx_word' id='word_1_157' title='bbox 1229 2814 1372 2883; x_wconf 90' lang='lat' dir='ltr'><strong>post</strong></span> <span class='ocrx_word' id='word_1_158' title='bbox 1399 2813 1682 2884; x_wconf 90' lang='lat' dir='ltr'><strong>tempora</strong></span> <span class='ocrx_word' id='word_1_159' title='bbox 1707 2806 1979 2885; x_wconf 89' lang='lat' dir='ltr'><strong>perdidit</strong></span> <span class='ocrx_word' id='word_1_160' title='bbox 2007 2811 2159 2865; x_wconf 90' lang='lat' dir='ltr'><strong>auri.</strong></span> 
     </span>
    </p>

    <p class='ocr_par' dir='ltr' id='par_1_25' title="bbox 528 2902 2085 2982">
     <span class='ocr_line' id='line_1_26' title="bbox 528 2902 2085 2982; baseline 0.001 -20"><span class='ocrx_word' id='word_1_161' title='bbox 528 2904 631 2963; x_wconf 87' lang='lat' dir='ltr'><strong>illa</strong></span> <span class='ocrx_word' id='word_1_162' title='bbox 657 2924 770 2982; x_wconf 87' lang='lat' dir='ltr'><strong>per</strong></span> <span class='ocrx_word' id='word_1_163' title='bbox 796 2902 1102 2962; x_wconf 92' lang='lat' dir='ltr'><strong>occultum</strong></span> <span class='ocrx_word' id='word_1_164' title='bbox 1132 2903 1429 2982; x_wconf 87' lang='lat' dir='ltr'><strong>Ligurum</strong></span> <span class='ocrx_word' id='word_1_165' title='bbox 1455 2924 1522 2963; x_wconf 93' lang='lat' dir='ltr'><strong>se</strong></span> <span class='ocrx_word' id='word_1_166' title='bbox 1550 2906 1869 2964; x_wconf 91' lang='lat' dir='ltr'><strong>moenibus</strong></span> <span class='ocrx_word' id='word_1_167' title='bbox 1896 2905 2085 2964; x_wconf 87' lang='lat' dir='ltr'><strong>infert</strong></span> 
     </span>
    </p>

    <p class='ocr_par' dir='ltr' id='par_1_26' title="bbox 530 3002 2343 3083">
     <span class='ocr_line' id='line_1_27' title="bbox 530 3002 2343 3083; baseline 0.002 -20"><span class='ocrx_word' id='word_1_168' title='bbox 530 3013 596 3063; x_wconf 90' lang='lat' dir='ltr'><strong>et</strong></span> <span class='ocrx_word' id='word_1_169' title='bbox 626 3011 824 3062; x_wconf 90' lang='lat' dir='ltr'><strong>castos</strong></span> <span class='ocrx_word' id='word_1_170' title='bbox 852 3002 1088 3060; x_wconf 87' lang='lat' dir='ltr'><strong>levibus</strong></span> <span class='ocrx_word' id='word_1_171' title='bbox 1117 3002 1343 3080; x_wconf 90' lang='lat' dir='ltr'><strong>plantis</strong></span> <span class='ocrx_word' id='word_1_172' title='bbox 1371 3007 1646 3082; x_wconf 88' lang='lat' dir='ltr'><strong>ingressa</strong></span> <span class='ocrx_word' id='word_1_173' title='bbox 1672 3013 1933 3083; x_wconf 89' lang='lat' dir='ltr'><strong>penates</strong></span> <span class='ocrx_word' id='word_1_174' title='bbox 2241 3016 2343 3066; x_wconf 87' lang='lat'><strong>125</strong></span> 
     </span>
    </p>

    <p class='ocr_par' dir='ltr' id='par_1_27' title="bbox 528 3101 2022 3181">
     <span class='ocr_line' id='line_1_28' title="bbox 528 3101 2022 3181; baseline 0 -19"><span class='ocrx_word' id='word_1_175' title='bbox 528 3106 765 3162; x_wconf 89' lang='lat' dir='ltr'><strong>invenit</strong></span> <span class='ocrx_word' id='word_1_176' title='bbox 795 3101 1100 3161; x_wconf 90' lang='lat' dir='ltr'><strong>aetherios</strong></span> <span class='ocrx_word' id='word_1_177' title='bbox 1130 3105 1481 3180; x_wconf 86' lang='lat' dir='ltr'><strong>signantem</strong></span> <span class='ocrx_word' id='word_1_178' title='bbox 1508 3103 1760 3181; x_wconf 90' lang='lat' dir='ltr'><strong>pulvere</strong></span> <span class='ocrx_word' id='word_1_179' title='bbox 1790 3124 2022 3175; x_wconf 81' lang='lat' dir='ltr'><strong>cursuS,</strong></span> 
     </span>
    </p>

    <p class='ocr_par' dir='ltr' id='par_1_28' title="bbox 531 3200 2098 3281">
     <span class='ocr_line' id='line_1_29' title="bbox 531 3200 2098 3281; baseline 0.001 -20"><span class='ocrx_word' id='word_1_180' title='bbox 531 3222 683 3281; x_wconf 91' lang='lat' dir='ltr'><strong>quos</strong></span> <span class='ocrx_word' id='word_1_181' title='bbox 713 3205 818 3280; x_wconf 92' lang='lat' dir='ltr'><strong>pia</strong></span> <span class='ocrx_word' id='word_1_182' title='bbox 847 3200 1102 3260; x_wconf 91' lang='lat' dir='ltr'><strong>sollicito</strong></span> <span class='ocrx_word' id='word_1_183' title='bbox 1133 3200 1463 3279; x_wconf 84' lang='lat' dir='ltr'><strong>deprendit</strong></span> <span class='ocrx_word' id='word_1_184' title='bbox 1491 3201 1710 3280; x_wconf 92' lang='lat' dir='ltr'><strong>pollice</strong></span> <span class='ocrx_word' id='word_1_185' title='bbox 1744 3201 2057 3281; x_wconf 91' lang='lat' dir='ltr'><strong>Memphis</strong></span> <span class='ocrx_word' id='word_1_186' title='bbox 2085 3223 2098 3262; x_wconf 74' lang='grc' dir='ltr'><strong><em>ε</em></strong></span> 
     </span>
    </p>

    <p class='ocr_par' dir='ltr' id='par_1_29' title="bbox 533 3295 651 3355">
     <span class='ocr_line' id='line_1_30' title="bbox 533 3295 651 3355; baseline 0 0"><span class='ocrx_word' id='word_1_187' title='bbox 533 3295 651 3355; x_wconf 83' lang='lat'><strong>346</strong></span> 
     </span>
    </p>
   </div>
  </div>
 </body>
</html>
