2511 3938
1154 315 1603 375 CLAUDIAN

1438 474 1572 532 Iam
1599 474 1728 532 sola
1753 474 1999 533 renidet

467 581 533 636 in
560 576 894 635 Stilichone
923 576 1105 646 saluS,
1134 585 1200 635 et
1227 580 1398 635 cuius
1426 597 1670 655 semper
1698 578 1987 636 acerbum

468 682 907 757 ingratumque
935 680 1048 737 sibi
1074 678 1381 738 factorum
1407 682 1680 738 conscius
1708 678 1919 738 horror

472 780 736 840 credidit
763 779 1121 850 adventum,
1149 800 1337 859 quem
1364 783 1413 839 si
1439 780 1774 858 procedere
1801 788 2048 840 tantum

471 881 730 960 Alpibus
759 883 1096 952 audissent,
1123 891 1390 941 mortem
1415 902 1772 961 poenasque
1799 884 2176 952 tremebant,

470 987 595 1042 iam
622 987 828 1044 cuncti
855 987 1095 1042 venisse
1121 983 1357 1053 volunt,
1385 983 1808 1062 scelerumque
1834 988 2106 1062 priorum
2180 991 2284 1040 506

470 1090 756 1164 paenitet
781 1105 796 1156 3
847 1086 961 1144 hoc
988 1089 1179 1145 tantis
1206 1085 1507 1144 bellorum
1534 1085 1699 1145 sidus
1725 1089 1789 1143 in
1818 1086 1997 1144 undis

470 1196 742 1265 sperant,
770 1188 884 1246 hoc
910 1191 1143 1265 pariter
1167 1190 1314 1245 iusti
1342 1196 1674 1266 sontesque
1699 1196 2032 1266 precantur
2059 1208 2073 1246 ε

470 1308 585 1347 ceu
610 1293 809 1367 pueri,
837 1290 1057 1367 quibus
1085 1288 1214 1348 alta
1238 1297 1421 1366 pater
1447 1297 1617 1348 trans
1645 1309 1916 1368 aequora
1940 1308 2179 1348 merces

471 1388 743 1459 devehit,
769 1393 998 1449 intenti
1022 1388 1168 1449 ludo
1196 1389 1539 1467 studiisque
1567 1389 1750 1449 soluti
2177 1398 2281 1448 510

468 1490 651 1549 latius
680 1500 887 1550 amoto
913 1493 1142 1569 passim
1169 1491 1426 1550 custode
1453 1500 1795 1569 vagantur3
2383 1495 2388 1500 ’

470 1596 520 1650 si
547 1596 748 1671 gravis
777 1593 1001 1652 auxilio
1029 1613 1251 1652 vacuas
1277 1596 1571 1651 invaserit
1599 1593 1786 1652 aedes

468 1698 700 1754 vicinus
726 1695 1078 1774 laribusque
1105 1698 1229 1754 suis
1254 1695 1582 1773 proturbet
1607 1694 1856 1764 inultOS,

469 1802 605 1854 tum
631 1796 883 1855 demum
909 1805 1155 1874 patrem
1179 1796 1513 1873 implorant
1542 1804 1608 1854 et
1634 1816 1861 1855 nomen
1886 1799 2053 1854 inani

466 1917 615 1956 voce
642 1900 809 1956 cient
833 1895 1186 1976 frustraque
1214 1896 1419 1956 oculos
1448 1897 1529 1956 ad
1553 1898 1735 1957 litora
1761 1898 2051 1957 tendunt.
2176 1906 2279 1956 515

545 2000 777 2059 Omnes
804 1999 1099 2078 supplicio
1126 2000 1344 2079 dignos
1371 1999 1624 2078 letoque
1651 1999 1953 2071 fatentur,

466 2104 571 2180 qui
599 2121 665 2160 se
693 2101 1061 2161 tradiderint
1086 2100 1332 2160 famulis
1359 2100 1692 2161 Stilichone
1719 2102 1955 2161 relicto,

465 2206 692 2261 mutati
718 2211 1011 2280 stupuere
1040 2202 1145 2261 diu
1173 2222 1481 2280 sensuque
1507 2202 1765 2261 reducto

464 2304 764 2382 paulatim
790 2308 1018 2382 proprii
1044 2307 1346 2363 mirantur
1371 2313 1647 2363 monstra
1672 2303 1891 2362 furoris

465 2414 878 2484 avertuntque
906 2405 1110 2465 oculos
1134 2426 1147 2465 ε
1191 2408 1481 2485 proiectis
1507 2404 1773 2464 fascibus
1801 2405 2012 2465 horret
2173 2414 2276 2465 520

462 2506 640 2565 lictor
667 2515 733 2565 et
758 2506 1018 2566 infames
1044 2507 1339 2566 labuntur
1364 2516 1586 2585 sponte
1613 2527 1857 2566 secures
1886 2527 1900 2565 ε

464 2607 676 2686 quales
707 2610 906 2668 Aonio
934 2608 1178 2668 Thebas
1208 2608 1288 2668 de
1317 2617 1531 2668 monte
1560 2628 1841 2667 reversae

467 2709 809 2768 Maenades
835 2708 1079 2769 infectis
1109 2708 1389 2770 Pentheo
1417 2714 1715 2791 sanguine
1743 2709 1991 2790 thyrsiS‚

464 2829 605 2867 cum
629 2811 836 2888 patuit
861 2817 1120 2867 venatus
1150 2816 1327 2867 atrox
1354 2812 1663 2887 matrique
1690 2816 1962 2868 rotatum

464 2927 839 2987 conspexere
866 2917 1075 2987 caput,
1100 2927 1345 2987 gressus
1372 2908 1632 2988 caligine
1661 2909 1860 2988 figunt
2166 2918 2273 2967 525

463 3020 530 3070 et
555 3012 790 3069 rabiem
818 3011 1047 3070 desisse
1075 3009 1310 3069 dolent.
1390 3014 1539 3088 quin
1564 3015 1842 3089 protinus
1870 3014 2005 3089 ipsa

402 3180 407 3183 ,
461 3111 668 3170 tendit
695 3110 775 3170 ad
802 3110 1048 3170 Italiam
1074 3108 1336 3189 supplex
1365 3109 1604 3169 Aurora
1627 3120 1954 3189 potentem

465 3249 581 3301 222
