2511 3938
1202 369 1647 429 CLAUDIAN

525 529 813 607 pontibus
844 536 909 586 et
936 527 1184 587 volvant
1212 548 1497 606 spumoso
1524 532 1754 588 vertice
1783 528 1961 589 silvas
1985 550 1999 588 :

523 635 647 694 pax
675 617 905 672 maiora
932 613 1115 672 decet
1141 632 1156 684 3
1204 618 1449 693 peragit
1478 613 1807 695 tranquilla
1832 624 2136 693 potestaS‚

525 699 691 780 quod
721 698 990 758 violenta
1020 704 1259 777 nequit,
1291 701 1709 779 mandataque
1740 700 1958 760 fortius
1991 712 2180 781 urget
2233 713 2341 762 240

523 789 849 865 imperiosa
876 789 1070 864 quieS.

1218 872 1394 931 Idem
1422 873 1760 951 praedurus
1788 877 2028 951 iniquas

525 961 831 1037 accepisse
861 977 1095 1036 preces,
1125 979 1351 1029 rursus,
1382 979 1542 1037 quae
1573 958 1761 1037 digna
1789 963 2016 1036 petitu,

524 1046 747 1124 largior
777 1053 842 1102 et
870 1043 1062 1102 facilis
1089 1064 1104 1114 ;
1154 1064 1272 1103 nec
1300 1064 1460 1122 quae
1489 1048 1818 1104 comitatur
1846 1044 2130 1116 honoreS,

526 1152 674 1190 ausa
701 1139 875 1190 tuam
901 1130 1120 1189 leviter
1147 1139 1458 1208 temptare
1488 1131 1774 1209 superbia
1800 1140 2097 1191 mentem.

523 1217 689 1277 frons
715 1220 956 1295 privata
980 1226 1194 1276 manet
1220 1237 1337 1275 nec
1363 1236 1429 1275 se
1455 1220 1749 1275 meruisse
1776 1215 2031 1287 fatetur,
2234 1229 2341 1277 245

525 1324 686 1383 quae
713 1306 972 1362 crevisse
999 1312 1183 1381 putat
1210 1322 1225 1373 ;
1273 1302 1454 1382 rigidi
1481 1303 1593 1362 sed
1617 1302 1803 1381 plena
1827 1304 2076 1381 pudoris

527 1390 730 1449 elucet
758 1393 1027 1467 gravitas
1057 1388 1223 1448 fastu
1252 1388 1520 1447 iucunda
1549 1396 1808 1447 remoto,

526 1496 686 1556 quae
713 1496 838 1534 non
864 1475 1105 1546 seditio,
1133 1494 1295 1553 quae
1322 1494 1446 1533 non
1471 1477 1708 1532 insania
1733 1472 1900 1553 vulgi

526 1569 594 1621 te
619 1566 746 1622 viso
769 1561 963 1621 lenita
986 1560 1170 1620 cadat
1196 1561 1219 1618 ?
1295 1579 1455 1638 quae
1481 1560 1725 1618 dissona
1747 1564 1872 1619 ritu

525 1649 857 1718 barbarieS,
888 1647 1077 1705 medii
1108 1666 1295 1724 quam
1325 1666 1449 1704 non
1478 1650 1826 1705 reverentia
1855 1645 2104 1725 frangat
2131 1648 2156 1707 ?
2230 1656 2337 1706 250

526 1732 625 1794 vel
651 1737 784 1812 quis
810 1753 935 1792 non
960 1736 1171 1791 sitiens
1198 1734 1492 1790 sermonis
1518 1732 1703 1791 mella
1726 1732 1903 1811 politi

526 1821 774 1880 deserat
804 1818 1083 1897 Orpheos
1113 1817 1342 1877 blanda
1371 1819 1687 1877 testudine
1717 1827 1935 1877 cantus
1961 1819 1985 1877 ?

528 1905 775 1986 qualem
801 1913 867 1964 te
893 1903 1153 1983 legimus
1180 1906 1383 1963 teneri
1407 1904 1739 1983 primordia
1764 1904 1979 1964 mundi

525 1994 897 2053 scribentem
925 1999 1034 2050 aut
1059 2000 1270 2071 partes
1299 1994 1561 2062 animae,
1588 2011 1701 2070 per
1727 1991 1968 2071 singula
1995 1991 2189 2051 talem

526 2082 828 2139 cernimus
858 2087 924 2138 et
951 2077 1176 2137 similes
1205 2081 1484 2157 agnoscit
1509 2082 1737 2156 pagina
1762 2097 1984 2142 mores,
2228 2087 2339 2136 255

605 2165 737 2224 Nec
762 2165 954 2223 dilata
982 2167 1105 2223 tuis
1134 2162 1419 2241 Augusto
1445 2162 1647 2222 iudice
1675 2182 1910 2222 merces

526 2252 753 2322 officiiS,
781 2251 1075 2328 illumque
1105 2250 1408 2319 habitum,
1437 2269 1559 2327 quo
1587 2252 1861 2328 iungitur
1890 2248 2067 2309 aulae

528 2341 715 2408 curia,
740 2341 848 2417 qui
874 2340 1035 2396 socio
1061 2355 1342 2414 proceres
1371 2356 1511 2394 eum
1536 2338 1809 2413 principe
1836 2338 2054 2406 nectit,

528 2444 716 2503 quem
744 2431 965 2502 quater
989 2425 1121 2499 ipse
1148 2425 1333 2500 gerit,
1359 2420 1637 2499 perfecto
1665 2420 1892 2480 detulit
1920 2441 2080 2480 anno

529 2510 937 2588 deposuitque
968 2527 1107 2566 suas
1138 2516 1204 2565 te
1234 2506 1605 2566 succedente
1636 2506 1895 2565 curules.
2230 2516 2343 2566 260

530 2604 807 2656 crescant
837 2598 1097 2652 virtutes
1128 2591 1515 2670 fecundaque
1549 2592 1766 2651 floreat
1799 2601 1994 2652 aetas,

527 2685 789 2762 ingeniis
816 2683 1022 2759 patuit
1049 2699 1300 2756 campus
1329 2687 1656 2755 certusque
1684 2682 1949 2737 merenti

531 2777 658 2828 stat
684 2768 856 2826 favor
883 2786 896 2824 τ
946 2773 1197 2824 ornatur
1223 2768 1481 2843 propriis
1508 2764 1809 2823 industria
1834 2764 2030 2823 donis,

531 2857 764 2933 surgite
794 2855 1054 2930 sopitae,
1083 2871 1234 2929 quas
1266 2850 1469 2909 obruit
1499 2851 1787 2920 ambituS,
1817 2859 2004 2909 artes,

530 2939 617 3000 nil
641 2940 789 2998 licet
814 2936 1102 3007 invidiae,
1131 2935 1383 2995 Stilicho
1413 2937 1562 2996 dum
1589 2939 1882 3014 prospicit
1911 2937 2043 2995 orbi
2233 2947 2345 2998 265

611 3153 632 3184 ¹
665 3153 751 3204 nne.
779 3150 1017 3202 Manlius
1049 3147 1278 3200 modestl
1337 3147 1559 3213 regards
1593 3148 1676 3199 his
1710 3148 1947 3201 honours
1973 3165 2034 3201 as
2057 3166 2092 3200 a
2117 3153 2353 3206 natural

528 3218 757 3284 growth‚
780 3222 876 3269 not
897 3232 957 3268 as
978 3215 1071 3267 the
1092 3230 1232 3265 rewa
1321 3214 1383 3265 of
1401 3216 1573 3266 merit.

530 3297 647 3357 356
