2511 3938
1182 333 1628 394 CLAUDIAN

505 495 779 575 Cyllarus
810 506 876 555 et
904 496 1129 555 flavum
1157 497 1441 555 Xanthus
1470 500 1799 574 sprevisset
1827 495 2150 555 Achillem.

501 587 633 661 ipse
663 585 777 642 tibi
804 583 1064 643 famulas
1092 585 1424 662 praeberet
1455 583 1723 663 Pegasus
1754 584 1880 643 alas

504 680 906 750 portaretque
935 671 1132 731 libens
1164 671 1540 751 melioraque
1570 673 1846 750 pondera
1874 691 2088 750 passus

502 759 1045 837 Bellerophonteas
1072 761 1499 839 indignaretur
1526 759 1819 819 habenas·
2204 768 2313 819 560

503 851 653 926 quin
683 853 874 907 etiam
903 849 1081 907 velox
1112 849 1388 907 Aurorae
1418 853 1670 907 nuntius
1700 848 1972 918 Aethon,

503 940 608 1014 qui
637 935 818 1015 fugat
846 936 1089 995 hinnitu
1119 937 1328 995 stellas
1357 957 1656 1015 roseoque
1686 937 1973 996 domatur

506 1024 810 1095 LuciferO,
841 1029 1125 1103 quotiens
1157 1029 1432 1103 equitem
1463 1033 1528 1083 te
1559 1029 1755 1083 cernit
1785 1026 1863 1083 ab
1894 1028 2092 1095 astriS,

501 1109 740 1172 invidet
766 1118 954 1191 inque
982 1117 1104 1172 tuis
1133 1113 1369 1171 mavult
1397 1133 1681 1191 spumare
1709 1112 1956 1190 lupatis,

581 1202 758 1260 Nunc
822 1222 1067 1280 quoque
1131 1223 1284 1281 quos
1348 1202 1615 1272 habituS,
1680 1211 1950 1280 quantae
2013 1202 2313 1261 miracula

732 1311 998 1369 pompae
2204 1299 2313 1348 565

502 1377 786 1449 vidimuS‚
816 1379 1087 1438 Ausonio
1116 1399 1258 1437 cum
1285 1383 1409 1437 iam
1438 1382 1778 1437 succinctus
1808 1382 2037 1437 amictu

502 1486 615 1544 per
645 1466 941 1546 Ligurum
967 1466 1223 1544 populos
1252 1466 1431 1525 solito
1459 1470 1840 1544 conspectior
1865 1470 1985 1525 ires

505 1561 694 1633 atque
719 1558 884 1613 inter
909 1558 1118 1612 niveas
1146 1553 1273 1612 alte
1300 1554 1594 1612 veherere
1621 1553 1923 1624 cohorteS‚

502 1642 865 1720 obnixisque
893 1641 1073 1700 simul
1098 1643 1296 1718 pubes
1326 1641 1524 1699 electa
1550 1641 1794 1700 lacertis

502 1729 810 1787 sidereum
837 1738 1115 1807 gestaret
1142 1750 1316 1787 onus,
1396 1733 1480 1787 sic
1506 1733 1759 1787 numina
1789 1728 2099 1806 Memphis
2201 1738 2309 1787 570

501 1821 565 1875 in
592 1816 808 1896 vulgus
833 1815 1108 1894 proferre
1136 1816 1294 1875 solet
1320 1836 1336 1886 ;
1382 1809 1800 1895 penetralibus
1829 1821 1961 1875 exit

503 1904 756 1984 effigieS‚
781 1906 982 1963 brevis
1007 1905 1111 1964 illa
1137 1906 1388 1985 quidem
1416 1926 1430 1964 t
1477 1906 1588 1965 sed
1612 1905 1907 1984 plurimus
1932 1903 2090 1963 infra

501 1994 721 2073 liniger
749 1998 1036 2072 imposito
1067 1998 1334 2073 suspirat
1362 2004 1539 2053 vecte
1571 1995 1851 2054 sacerdos

501 2088 769 2140 testatus
800 2082 1021 2140 sudore
1051 2082 1238 2141 deum
1265 2101 1281 2153 ;
1334 2081 1597 2141 Nilotica
1624 2086 1816 2140 sistris

497 2172 632 2247 ripa
661 2179 840 2229 sonat
870 2169 1243 2248 Phariosque
1274 2171 1485 2230 modos
1516 2170 1831 2248 Aegyptia
1859 2170 2029 2229 ducit
2200 2180 2309 2229 575

500 2258 655 2316 tibia
681 2276 696 2327 ;
745 2262 1076 2317 summissis
1106 2258 1387 2336 admugit
1413 2258 1693 2316 cornibus
1721 2258 1893 2335 Apis.

501 2350 694 2405 omnis
722 2347 1029 2417 nobilitaS‚
1057 2351 1251 2406 omnis
1280 2355 1389 2406 tua
1416 2367 1586 2406 sacra
1610 2345 1971 2425 frequentat

498 2434 825 2513 Thybridis
855 2443 921 2492 et
950 2434 1113 2492 Latii
1140 2434 1383 2493 suboles
1410 2453 1425 2503 ;
1474 2438 1759 2493 convenit
1783 2438 1849 2492 in
1876 2455 2066 2493 unum

498 2524 798 2601 quidquid
816 2527 880 2581 in
900 2524 1048 2581 orbe
1067 2522 1187 2582 fuit
1205 2542 1547 2600 procerum,
1568 2525 1787 2600 quibus
1809 2532 2020 2584 auctor
2039 2523 2292 2584 honoris

498 2610 592 2668 vel
625 2619 696 2669 tu
726 2610 824 2669 vel
853 2614 1116 2688 genitor.
1197 2631 1520 2669 numeroso
1550 2611 1796 2669 consule
1827 2612 2036 2671 consul
2197 2623 2306 2672 580

496 2702 757 2777 cingeris
785 2707 851 2757 et
876 2703 1066 2758 socios
1094 2699 1328 2777 gaudes
1354 2699 1684 2758 admittere
1710 2707 1940 2777 patres,

492 2787 733 2846 inlustri
758 2796 823 2846 te
847 2787 1017 2865 prole
1042 2788 1268 2866 TaguS,
1293 2796 1359 2846 te
1385 2787 1583 2846 Gallia
1606 2789 1802 2847 doctis

491 2877 722 2934 civibus
754 2885 819 2934 et
846 2884 982 2934 toto
1011 2880 1265 2953 stipavit
1293 2875 1487 2934 Roma
1515 2885 1756 2935 senatu.

490 2971 774 3041 portatur
800 2968 1091 3022 iuvenum
1119 2965 1452 3022 cervicibus
1482 2983 1669 3022 aurea
1696 2963 1875 3023 sedes

491 3060 836 3129 ornatuque
862 3071 1019 3110 novo
1044 3055 1285 3130 gravior
1310 3052 1482 3110 deus,
1563 3060 1810 3129 asperat
1837 3052 2026 3111 Indus
2195 3064 2304 3113 585

491 3140 840 3199 velamenta
867 3140 1019 3218 lapis
1047 3145 1439 3219 pretiosaque
1470 3140 1570 3198 fila
1599 3142 1935 3220 smaragdis

497 3268 612 3319 328
