2511 3938
1113 331 1559 390 CLAUDIAN

510 491 668 550 Tum
696 511 965 570 quoque,
991 493 1140 551 dum
1164 491 1306 551 lites
1334 490 1657 572 Stygiique
1685 496 1937 571 negotia
1955 490 2143 551 ‘solvit

436 584 590 644 dura
615 584 732 644 fori
758 595 1124 664 veteresque
1151 606 1289 645 reos
1317 606 1395 644 ex
1423 586 1635 645 ordine
1664 590 1928 664 quaerit,
2139 594 2239 642 495

435 681 726 740 Rufinum
750 682 961 759 procul
989 702 1131 741 ecce
1158 691 1339 741 notat
1365 686 1620 760 visuque
1648 702 1861 741 severo

435 776 659 835 lustrat
686 784 753 835 et
780 796 858 834 ex
884 779 1009 835 imo
1036 797 1327 835 concussa
1353 777 1501 835 sede
1527 775 1807 854 profatur
1834 797 1848 835 ε

515 878 552 906 “
578 869 717 929 Huc
744 890 1035 949 superum
1060 869 1253 941 labes,
1280 871 1400 929 huc
1425 870 1785 929 insatiabilis
1813 875 1943 928 auri

433 964 739 1043 proluvies
763 969 1090 1044 pretioque
1116 965 1269 1023 nihil
1294 986 1418 1024 non
1446 985 1591 1024 ause
1618 974 1859 1044 parat0‚

437 1059 727 1138 quodque
744 1059 894 1117 mihi
911 1079 1217 1118 summum
1240 1059 1436 1119 scelus
1457 1068 1573 1130 est,
1594 1060 1714 1118 huc
1729 1060 2009 1138 improbe
2030 1060 2238 1137 legum

434 1153 739 1223 venditor,
767 1154 980 1212 Arctoi
1005 1153 1354 1213 stimulator
1377 1153 1614 1232 perfide
1645 1153 1867 1212 Martis
1894 1154 1906 1212 !
2138 1161 2236 1210 501

432 1251 605 1305 cuius
633 1248 713 1306 ob
738 1250 1089 1306 innumeras
1117 1245 1356 1326 strages
1385 1257 1682 1326 angustus
1710 1248 1939 1305 Averni

433 1345 559 1401 iam
586 1345 752 1401 sinus
781 1351 847 1402 et
872 1341 1058 1420 plena
1082 1342 1346 1402 lassatur
1369 1346 1632 1420 portitor
1659 1342 1819 1401 alno·

436 1437 584 1514 quid
610 1437 866 1495 demens
893 1435 1223 1495 manifesta
1249 1457 1440 1515 negas
1467 1438 1490 1494 ?
1573 1455 1651 1494 en
1676 1446 1894 1514 pectus
1920 1440 2163 1495 inustae

436 1531 787 1591 deformant
813 1531 1089 1590 maculae
1116 1535 1404 1610 vitiisque
1430 1532 1685 1590 inolevit
1709 1536 1914 1610 imago
2140 1539 2241 1588 505

435 1644 550 1683 nec
577 1644 711 1682 sese
740 1628 1061 1683 commissa
1087 1633 1333 1703 tegunt.
1413 1644 1608 1702 genus
1636 1644 1817 1683 omne
1846 1623 2122 1683 dolorum

433 1720 500 1775 in
525 1726 593 1776 te
619 1715 781 1776 ferre
807 1717 963 1776 libet
989 1737 1004 1776 t
1053 1717 1239 1776 dubio
1268 1717 1383 1776 tibi
1407 1716 1678 1794 pendula
1703 1737 1885 1796 rupes

433 1812 735 1869 inmineat
760 1811 957 1888 lapsu,
985 1810 1228 1869 volucer
1254 1818 1321 1869 te
1350 1819 1640 1888 torqueat
1668 1814 1819 1880 axiS,

435 1913 503 1964 te
530 1905 732 1985 refugi
757 1904 977 1964 fallant
1001 1904 1214 1963 latices
1243 1913 1433 1984 atque
1462 1925 1566 1963 ore
1594 1909 1838 1964 natanti

438 2010 676 2059 arescat
703 2002 967 2078 decepta
994 2003 1146 2071 sitis,
1174 2001 1559 2079 dapibusque
1586 2000 1812 2059 relictis
2140 2010 2241 2059 510

433 2096 501 2153 in
527 2103 636 2152 tua
662 2114 982 2152 mansurus
1010 2097 1238 2173 migret
1263 2095 1621 2172 praecordia
1646 2093 1869 2153 vultur.

436 2207 813 2266 quamquam
840 2207 1052 2246 omnes
1081 2186 1203 2257 alii,
1231 2208 1383 2265 quos
1418 2188 1571 2247 haec
1605 2197 1917 2247 tormenta
1948 2188 2241 2268 fatigant,

436 2301 577 2360 pars
606 2290 797 2360 quota
823 2290 988 2351 sunt,
1017 2280 1260 2351 Rufine,
1288 2285 1379 2339 tui
1407 2282 1419 2340 l
1488 2284 1636 2359 quid
1662 2282 1788 2342 tale
1816 2282 1914 2340 vel
1941 2284 2144 2342 audax

436 2373 693 2434 fulmine
722 2374 1080 2433 Salmoneus
1108 2373 1206 2432 vel
1230 2374 1442 2453 lingua
1467 2375 1761 2434 Tantalus
1790 2380 1920 2455 egit

439 2479 549 2529 aut
574 2468 918 2528 inconsulto
944 2468 1158 2547 Tityos
1187 2467 1448 2546 deliquit
1475 2489 1682 2527 amore
1709 2470 1732 2527 ?
2141 2478 2242 2527 515

437 2573 798 2622 cunctorum
825 2566 875 2620 si
901 2560 1069 2620 facta
1096 2561 1275 2620 simul
1301 2565 1635 2640 iungantur
1659 2566 1724 2620 in
1751 2584 1963 2633 unum,

434 2657 768 2736 praecedes
795 2676 1072 2715 numero.
1152 2660 1250 2714 cui
1278 2665 1457 2715 tanta
1481 2657 1721 2735 piacula
1747 2661 2070 2736 quisquam

438 2750 734 2830 supplicio
762 2748 1039 2810 conferre
1066 2750 1233 2809 valet
1259 2752 1283 2808 ?
1333 2751 1481 2829 quid
1507 2751 1773 2828 denique
1801 2753 2055 2830 dignum

435 2848 718 2906 omnibus
743 2848 1075 2916 inveniam,
1102 2847 1352 2904 vincant
1378 2866 1519 2904 cum
1545 2845 1785 2924 singula
1809 2866 2039 2924 poenas
2067 2848 2090 2906 ?

433 2940 634 3000 tollite
662 2940 740 2998 de
768 2928 985 2998 mediis
1014 2942 1357 2997 animarum
1382 2940 1649 2998 dedecus
1677 2942 1927 2999 umbris.
2142 2952 2241 3000 520

437 3036 791 3112 adspexisse
820 3043 918 3093 sat
947 3042 1063 3092 est.
1143 3033 1330 3092 oculis
1357 3037 1483 3092 iam
1509 3037 1744 3112 parcite
1773 3039 1993 3094 nostris

434 3139 499 3189 et
528 3129 693 3187 Ditis
718 3136 983 3207 purgate
1011 3129 1244 3186 domos,
1325 3132 1561 3207 agitate
1588 3128 1844 3207 flagellis

436 3269 515 3329 94
