2511 3938
1163 346 1616 407 CLAUDIAN

487 528 650 567 nunc
679 507 901 566 flavam
931 511 1110 567 niveo
1138 510 1397 566 miratur
1425 511 1656 566 vertice
1684 516 1971 567 matrem.

488 597 643 657 haec
668 599 851 657 modo
877 602 1199 668 crescenti,
1224 597 1450 676 plenae
1474 618 1588 676 par
1613 597 1810 657 altera
1833 598 2018 657 lunae
2046 620 2061 658 t

491 690 770 769 adsurgit
795 710 911 748 ceu
936 688 1100 748 forte
1127 694 1326 748 minor
1352 691 1467 748 sub
1494 698 1695 749 matre
1722 694 1946 749 virenti

490 780 695 839 laurus
727 789 793 839 et
820 784 1108 859 ingentes
1138 801 1339 839 ramos
1370 779 1639 859 olimque
1668 779 1908 840 futuras
2197 790 2302 839 245

490 875 800 951 promittit
824 875 949 930 iam
976 891 1166 950 parva
1193 892 1398 930 comas
1420 890 1436 941 3
1478 871 1575 930 vel
1602 871 1752 931 flore
1780 873 1895 930 sub
1923 893 2045 930 uno

490 983 605 1023 ceu
634 966 921 1042 geminae
952 961 1261 1021 Paestana
1288 982 1464 1021 rosae
1493 982 1606 1040 per
1632 966 1849 1041 iugera
1877 971 2144 1041 regnant
2171 983 2185 1021 ε

490 1052 643 1112 haec
672 1053 842 1132 largo
872 1062 1116 1112 matura
1145 1053 1246 1112 die
1277 1062 1679 1131 saturataque
1709 1057 1909 1112 vernis

490 1145 725 1202 roribus
750 1142 1035 1221 indulget
1060 1146 1262 1220 spatio
1284 1162 1300 1212 3
1340 1141 1499 1201 latet
1525 1142 1721 1202 altera
1746 1142 1909 1202 nodo

491 1255 606 1294 nec
636 1238 866 1293 teneris
898 1234 1088 1292 audet
1117 1232 1276 1292 foliis
1307 1234 1640 1293 admittere
1670 1233 1848 1293 soles,
2198 1243 2304 1293 250

569 1326 835 1385 Adstitit
862 1334 929 1385 et
954 1324 1181 1384 blande
1212 1324 1480 1383 Mariam
1508 1325 1820 1404 Cytherea
1846 1324 2078 1385 salutat
2104 1346 2119 1384 t

492 1426 529 1454 ‘⁶
557 1416 722 1475 salve
750 1417 1028 1475 sidereae
1054 1415 1257 1494 proles
1287 1425 1551 1495 augusta
1579 1416 1870 1487 Serenae,

492 1527 855 1585 magnorum
876 1505 1118 1565 suboles
1137 1525 1358 1584 regum
1377 1510 1775 1585 parituraque
1795 1526 1996 1586 regeS.

492 1604 559 1656 te
587 1606 842 1676 propter
873 1596 1135 1674 Paphias
1165 1596 1344 1655 sedes
1377 1596 1772 1675 Cyprumque
1801 1597 2040 1676 reliqui,

491 1695 558 1747 te
588 1697 843 1766 propter
870 1687 1051 1745 libuit
1081 1695 1290 1746 tantos
1323 1686 1572 1766 explere
1602 1687 1841 1746 labores
2197 1697 2303 1745 255

493 1788 560 1839 et
585 1788 833 1838 tantum
858 1786 1178 1837 transnare
1205 1781 1411 1848 maris,
1436 1797 1517 1837 ne
1543 1777 1716 1837 vilior
1741 1778 1904 1838 ultra

489 1874 759 1950 privatos
786 1878 1073 1948 paterere
1100 1868 1259 1927 lares
1287 1888 1410 1927 neu
1437 1878 1718 1948 tempore
1744 1869 1929 1949 longo

491 1961 713 2027 dilatos
740 1964 976 2020 iuvenis
1004 1964 1272 2020 nutriret
1302 1960 1607 2021 Honorius
1633 1965 1830 2041 ignes·

491 2056 699 2131 accipe
731 2050 1043 2111 fortunam
1075 2055 1342 2130 generiS,
1374 2052 1660 2111 diadema
1689 2072 1954 2122 resume,

490 2144 658 2223 quod
682 2145 916 2203 tribuas
942 2147 1126 2214 natiS,
1153 2152 1220 2202 et
1242 2147 1309 2201 in
1333 2142 1487 2202 haec
1510 2144 1855 2223 penetralia
1877 2164 2105 2214 rursuS,
2195 2154 2300 2203 260

491 2235 657 2293 unde
683 2255 906 2313 parens
932 2254 1277 2313 progressa,
1303 2235 1455 2293 redi.
1534 2234 1633 2293 fac
1660 2234 1826 2293 nulla
1854 2236 2105 2294 subesse

491 2326 731 2385 vincula
760 2335 1063 2404 cognatae
1091 2346 1105 2384 z
1157 2330 1434 2404 quamvis
1465 2326 1665 2384 aliena
1691 2325 1909 2385 fuisses

442 2454 446 2457 <
489 2419 887 2498 principibuS,
915 2437 1177 2496 regnum
1205 2425 1454 2496 poteras
1484 2416 1598 2476 hoc
1628 2436 1733 2477 ore
1762 2421 2004 2477 mereri.

492 2529 653 2589 quae
682 2513 928 2588 propior
956 2512 1213 2588 sceptris
1239 2508 1430 2568 facies
1457 2511 1480 2568 ?
1512 2512 1617 2588 qui
1646 2509 1885 2588 dignior
1915 2508 2055 2568 aula
2195 2520 2300 2569 264

491 2601 696 2660 vultus
727 2604 846 2660 erit
871 2601 893 2658 ?
973 2620 1099 2659 non
1124 2599 1297 2659 labra
1322 2620 1520 2671 rosae,
1547 2621 1671 2659 non
1698 2599 1852 2659 colla
1877 2604 2157 2680 pruinae,

492 2711 617 2750 non
645 2695 841 2749 crines
870 2698 1144 2768 aequant
1170 2689 1389 2761 violae,
1416 2711 1540 2749 non
1566 2690 1799 2750 lumina
1824 2690 2132 2751 flammae.

492 2801 681 2860 quam
705 2784 900 2839 iuncti
924 2780 1145 2840 leviter
1171 2801 1308 2840 sese
1335 2782 1681 2840 discrimine
1708 2780 1948 2841 confert

493 2873 711 2931 umbra
737 2871 1039 2950 supercilii
1067 2873 1079 2931 !
1159 2874 1379 2931 miscet
1405 2893 1591 2951 quam
1616 2877 1779 2932 iusta
1802 2873 2104 2952 pudorem

492 2967 828 3042 temperies
857 2966 1045 3021 nimio
1075 2983 1190 3021 nec
1218 2968 1518 3042 sanguine
1547 2964 1774 3024 candor
1803 2964 2081 3023 abundat
2107 2965 2119 3023 !

494 3211 526 3256 λ
562 3140 584 3171 1
614 3139 734 3256 {he
772 3138 918 3190 viola
957 3154 1067 3188 was
1105 3137 1374 3203 probably
1421 3154 1455 3188 a
1502 3154 1679 3203 pansy
1718 3155 1779 3190 or
1817 3138 2137 3200 wallflower,
2185 3139 2301 3193 Gk.

529 3224 611 3256 Ευκ
658 3224 729 3256 OV-

496 3283 615 3343 260
