2511 3938
1163 338 1609 429 CLAUDIAN

485 500 733 561 consule
759 500 1060 561 lustrandi
1084 500 1282 562 fasces
1307 506 1564 581 ipsoque
1590 500 1895 560 litandum

484 596 764 674 prodigio
790 615 806 667 ;
855 597 1286 675 quodcumque
1312 605 1536 675 parant
1562 596 1676 655 hoc
1704 598 1908 654 omine
1933 593 2086 665 fata,

485 689 818 768 Eutropius
846 694 1079 749 cervice
1106 690 1241 749 luat
1267 694 1351 750 sic
1378 694 1583 750 omnia
1608 689 1830 749 nobis.1

563 784 698 845 Hoc
724 789 921 864 regni,
950 786 1243 856 Fortuna,
1272 794 1450 845 tenes
1476 786 1500 844 Ρ
1566 804 1873 862 quaenam
1899 787 2021 842 ista
2051 782 2295 842 iocandi

484 881 742 937 saevitia
766 879 791 937 ?
842 878 1122 938 humanis
1152 888 1455 957 quantum
1481 877 1862 937 bacchabere
1890 878 2073 935 rebus
2099 876 2124 935 ?
2225 884 2293 932 25

484 976 535 1030 si
561 974 677 1032 tibi
703 973 905 1032 servili
929 972 1161 1051 placuit
1186 971 1439 1032 foedare
1466 972 1705 1032 curules

484 1071 758 1138 crimine,
783 1068 1081 1146 procedat
1105 1068 1317 1126 laxata
1342 1068 1640 1146 compede
1667 1066 1898 1137 consul,

483 1172 669 1240 rupta
696 1162 1040 1236 Quirinales
1069 1172 1317 1221 sumant
1345 1161 1655 1241 ergastula
1680 1165 1914 1221 cinctus
1941 1179 1957 1231 ;

485 1260 565 1320 da
591 1262 813 1321 saltem
840 1281 1292 1341 quemcumque
1318 1264 1536 1320 virum.
1616 1261 1962 1319 discrimina
1984 1258 2293 1338 quaedam

483 1369 630 1419 sunt
656 1359 899 1419 famulis
921 1359 1332 1439 splendorque
1354 1380 1520 1430 suuS,
1542 1358 1969 1437 maculamque
1991 1360 2292 1416 minorem

482 1456 851 1514 condicionis
879 1455 1092 1525 habet,
1119 1455 1367 1514 domino
1395 1457 1500 1533 qui
1525 1457 1750 1513 vixerit
1776 1474 1920 1512 uno.
2223 1460 2287 1509 31

484 1557 534 1610 si
560 1553 766 1632 pelagi
791 1553 1036 1624 fluctuS,
1066 1554 1302 1632 Libyae
1331 1558 1381 1612 si
1408 1554 1586 1612 discis
1614 1552 1895 1622 harenaS‚

484 1652 761 1731 Eutropii
791 1654 1140 1711 numerabis
1171 1673 1327 1711 eros,
1407 1661 1559 1730 quot
1585 1656 1739 1722 iura,
1767 1660 1919 1730 quot
1944 1650 2045 1708 ille

483 1755 748 1809 mutavit
774 1751 1017 1810 tabulas
1043 1751 1142 1809 vel
1169 1760 1405 1829 quanta
1430 1750 1725 1810 vocabula
1750 1753 1937 1809 vertit
1965 1749 1977 1807 !

482 1849 750 1908 nudatus
779 1854 1085 1928 quotienS‚
1112 1850 1421 1908 medicum
1448 1850 1597 1910 dum
1623 1849 1883 1908 consulit
1911 1857 2174 1926 emptor,
2222 1856 2290 1904 35

481 1968 560 2007 ne
590 1968 712 2026 qua
738 1968 851 2027 per
876 1947 1183 2007 occultum
1210 1947 1409 2008 lateat
1434 1952 1671 2009 iactura
1697 1948 1969 2009 dolorem
1997 1948 2009 2007 Ξ

481 2062 693 2101 omnes
720 2048 1030 2122 paenituit
1054 2049 1239 2122 pretii
1267 2064 1616 2123 venumque
1643 2045 1909 2114 redibat,

482 2142 629 2201 dum
655 2143 840 2202 vendi
866 2147 1092 2222 potuit.
1170 2153 1503 2222 postquam
1529 2142 1805 2203 deforme
1833 2145 2094 2202 cadaver

480 2245 706 2300 mansit
734 2251 800 2301 et
824 2246 886 2301 in
915 2263 1099 2321 rugas
1127 2252 1297 2302 totus
1326 2242 1587 2301 defluxit
1615 2243 1826 2313 anileS,

478 2345 603 2400 iam
629 2345 832 2419 specie
860 2342 1005 2400 doni
1031 2344 1318 2400 certatim
1344 2341 1553 2400 limine
1579 2341 1822 2419 pellunt
2216 2351 2288 2400 40

479 2449 547 2499 et
571 2439 824 2499 foedum
848 2443 1077 2518 ignaris
1102 2449 1439 2518 properant
1465 2439 1797 2499 obtrudere
1824 2460 2066 2498 munus.

476 2545 575 2597 tot
603 2538 901 2598 translata
926 2542 1084 2617 iugis
1114 2542 1417 2597 summisit
1443 2537 1617 2608 colla,
1644 2547 1960 2598 vetustum

476 2640 792 2695 servitium
819 2657 1186 2716 semperque
1213 2658 1461 2707 novum,
1488 2657 1603 2695 nec
1630 2637 1873 2696 destitit
1900 2657 2217 2715 umquam,

476 2752 663 2810 saepe
692 2741 904 2791 tamen
930 2736 1156 2810 coepit.

1245 2825 1565 2905 Cunabula
1590 2830 1788 2904 prima
1815 2828 2083 2886 cruentis

476 2925 668 2984 debet
694 2924 1001 3003 suppliciis
1027 2943 1044 2994 3
1091 2929 1330 3002 rapitur
1354 2925 1714 2985 castrandus
1742 2927 1821 2983 ab
1848 2929 1979 3003 ipso
2211 2935 2283 2983 45

543 3058 563 3087 ¹
599 3057 724 3108 Birt
754 3056 931 3121 beyins
962 3057 1044 3108 the
1076 3073 1186 3107 ‘new
1213 3057 1529 3121 parayraph
1552 3063 1607 3107 at
1631 3057 1725 3117 sic,
1747 3058 2000 3121 princiny
2024 3074 2059 3107 a
2081 3074 2284 3109 comma

469 3122 734 3252 ggd3?)k.)is⁰
806 3122 1218 3187 Alternatively,
1245 3123 1376 3173 read
1401 3122 1569 3174 volvis
1583 3123 1683 3187 for
1708 3122 1863 3173 nobis
1895 3121 1974 3186 (so
2007 3121 2282 3174 Ouiacius'

479 3276 592 3326 140
