2511 3938
1171 315 1620 375 CLAUDIAN

487 481 815 549 incassum,
840 476 1115 548 Stilicho,
1142 476 1292 536 dum
1318 497 1428 536 nos
1453 477 1807 556 longissima
1832 476 2016 536 tellus

490 581 726 641 dividat
754 590 820 641 et
846 581 1064 640 mediis
1093 581 1331 639 Nereus
1356 584 1762 666 interstrepat
1788 582 1988 641 undiS.

489 685 745 764 Alpinas
773 689 1032 745 transire
1060 685 1176 743 tibi
1202 704 1305 743 me
1332 688 1563 763 sospite
1589 704 1773 764 rupes

488 787 655 847 haud
681 771 950 847 dabitur.
1028 787 1238 846 iaculis
1264 786 1430 847 illinc
1455 807 1556 846 me
1584 787 1775 867 figere
1802 797 2065 867 tempta.
2198 797 2300 847 305

488 910 718 970 quaere
745 892 920 952 ferox
948 912 1181 962 ensem,
1208 895 1315 971 qui
1340 900 1552 951 nostra
1575 892 1658 951 ad
1682 896 1928 951 moenia
1952 893 2128 952 tendi

487 999 681 1074 possit
708 996 787 1053 ab
817 995 1018 1054 Italia.
1099 1014 1222 1052 non
1247 1002 1315 1052 te
1343 994 1716 1053 documenta
1740 998 2031 1072 priorum,

490 1119 612 1157 non
641 1098 926 1177 exempla
952 1106 1171 1156 vetant
1196 1099 1219 1156 ?
1298 1102 1579 1177 quisnam
1605 1107 1860 1157 conatus
1888 1099 2058 1158 adire

486 1202 597 1262 has
622 1207 817 1263 iactat
842 1207 1068 1262 vitasse
1095 1223 1312 1261 manus
1339 1204 1362 1262 ?
1443 1203 1813 1263 detrusimus
1840 1205 1988 1262 orbe

486 1315 553 1367 te
581 1309 786 1368 medio
812 1312 1127 1386 tantisque
1154 1306 1335 1366 simul
1361 1307 1749 1386 spoliavimus
1776 1311 1979 1366 armis,
2195 1318 2296 1368 310

487 1432 648 1470 nune
677 1411 871 1490 epulis
898 1419 1166 1490 tempus,
1194 1414 1360 1480 socii,
1387 1430 1549 1468 nunc
1573 1408 1745 1489 larga
1769 1430 1988 1490 parare

489 1535 744 1573 munera
770 1515 1248 1593 donandumque
1277 1517 1447 1572 novis
1471 1512 1815 1592 legionibus
1843 1535 2060 1573 aurum
2086 1515 2099 1572 Ξ

488 1628 838 1697 opportuna
864 1621 1017 1677 meis
1044 1622 1238 1677 oritur
1264 1617 1370 1676 lux
1397 1620 1663 1676 crastina
1688 1622 1868 1677 votis,

488 1722 653 1800 quod
678 1720 833 1780 nolit
857 1741 968 1780 rex
992 1725 1125 1799 ipse
1152 1720 1303 1779 velit
1327 1721 1666 1799 iubeatque
1693 1728 1940 1781 coactus

484 1829 549 1883 in
574 1834 819 1903 partem
846 1824 994 1882 mihi
1020 1843 1213 1902 regna
1239 1824 1393 1884 dari.
1473 1829 1794 1904 contingat
1819 1829 1884 1884 in
1910 1847 2033 1885 uno
2188 1836 2288 1885 315

484 1932 707 2008 privati
732 1926 962 2007 fugisse
989 1927 1242 1987 modum
1269 1932 1623 2008 crimenque
1651 1917 1966 2009 tyranniss‘

561 2033 809 2091 Talibus
837 2031 1144 2092 adclamat
1168 2031 1349 2092 dictis
1373 2032 1605 2092 infame
1632 2044 1965 2094 nocentum

485 2135 826 2207 concilium,
854 2140 960 2215 qui
983 2140 1302 2215 perpetuis
1328 2157 1575 2196 crevere
1601 2142 1828 2215 rapinis

486 2251 553 2301 et
579 2262 731 2320 quos
758 2261 881 2300 una
905 2239 1058 2299 facit
1084 2240 1306 2300 Rufino
1332 2261 1516 2300 causa
1542 2241 1802 2313 sodaleS‚

484 2346 784 2404 inlicitum
810 2344 1058 2403 duxisse
1085 2343 1236 2402 nihil
1263 2362 1279 2414 ;
1325 2342 1575 2403 funesta
1601 2353 1810 2404 tacere
2185 2356 2285 2405 320

484 2470 679 2509 nexus
707 2452 1035 2507 amicitiae.
1111 2451 1361 2506 iamiam
1387 2449 1648 2507 conubia
1673 2448 1822 2507 laeti

483 2552 872 2631 despondent
899 2552 1099 2611 aliena
1126 2552 1239 2610 sibi
1266 2550 1618 2630 frustraque
1644 2555 1906 2610 vicissim

480 2659 874 2735 promittunt,
903 2676 1062 2735 quae
1092 2659 1353 2735 quisque
1380 2664 1581 2734 petat,
1610 2675 1761 2734 quas
1796 2656 2054 2717 devoret
2080 2659 2283 2716 urbes,

490 2823 493 2824 ⁷
559 2760 865 2838 Coeperat
893 2759 1191 2818 humanos
1221 2757 1348 2817 alto
1377 2762 1577 2837 sopire
1605 2759 1844 2819 labores

483 2884 604 2921 nox
631 2865 887 2942 gremi0‚
914 2865 1242 2940 nigrasque
1270 2881 1451 2939 sopor
1476 2860 1805 2920 diffuderat
1832 2861 1979 2923 alas,
2184 2871 2283 2920 325

479 2967 582 3027 ille
610 2966 716 3025 diu
742 2969 899 3024 curis
927 2969 1199 3023 animum
1225 2964 1682 3024 stimulantibus
1711 2985 1896 3045 aegre

480 3069 707 3129 labitur
731 3073 796 3126 in
822 3087 1085 3127 somnos,
1164 3073 1301 3125 toto
1326 3070 1430 3125 vix
1455 3068 1638 3127 corde
1667 3072 1930 3147 quierat,

480 3191 624 3232 ecce
649 3171 823 3230 videt
847 3171 1008 3230 diras
1035 3169 1329 3229 adludere
1354 3173 1633 3249 protinus
1660 3159 1928 3244 umbraS,

485 3274 561 3328 80
