2511 3938
1141 329 1589 389 CLAUDIAN

470 493 577 562 siS,
597 509 833 569 precor,
860 490 1149 549 adsiduus
1176 489 1387 548 consul
1416 489 1724 566 Mariique
1751 487 2057 565 relinquas

469 585 536 636 et
566 582 726 636 senis
757 579 1026 656 Augusti
1055 597 1402 636 numerum.
1481 596 1642 654 quae
1671 576 1899 655 gaudia
1928 576 2182 645 mundo,

466 685 579 744 per
606 674 717 724 tua
742 665 970 744 lanugo
998 686 1139 724 cum
1167 685 1414 743 serpere
1442 668 1718 743 coeperit
1745 684 1872 733 ora,

467 774 609 812 cum
635 754 751 812 tibi
778 753 1105 833 protulerit
1131 752 1324 812 festas
1352 773 1475 812 nox
1502 754 1781 831 pronuba
1809 752 2025 811 taedas
2053 752 2066 810 1

467 861 627 920 quae
653 841 764 902 tali
788 842 1014 902 devota
1038 851 1196 912 toro,
1220 862 1381 920 quae
1407 845 1636 900 murice
1660 840 1903 919 fulgens
2169 849 2277 897 645

466 932 583 990 ibit
607 935 672 989 in
697 932 1016 1011 amplexus
1044 936 1204 991 tanti
1229 936 1445 1011 regina
1470 935 1674 989 mariti
1699 932 1723 990 ?

468 1013 775 1100 quaenam
803 1029 901 1079 tot
928 1020 1081 1079 divis
1109 1024 1320 1079 veniet
1346 1040 1555 1089 nuruS,
1583 1019 1862 1078 omnibus
1891 1022 2048 1077 arvis

469 1116 535 1166 et
562 1116 698 1167 toto
725 1108 1011 1168 donanda
1037 1112 1191 1166 mari
1216 1109 1239 1166 ?
1311 1116 1701 1186 quantusque
1728 1105 1964 1165 feretur

466 1196 635 1255 idem
659 1215 773 1275 per
797 1195 1064 1275 Zephyri
1092 1204 1292 1254 metas
1320 1194 1720 1274 Hymenaeus
1749 1203 1815 1253 et
1841 1195 1989 1252 Euri
2015 1195 2029 1253 l

467 1302 505 1342 ο
533 1284 684 1342 mihi
714 1288 764 1343 si
792 1284 977 1343 liceat
1006 1284 1291 1343 thalamis
1320 1284 1644 1343 intendere
1673 1303 1921 1342 carmen
2171 1293 2277 1342 650

468 1373 788 1433 conubiale
815 1378 958 1444 tuiS‚
984 1377 1033 1432 si
1061 1383 1127 1433 te
1152 1377 1277 1431 iam
1303 1372 1507 1431 dicere
1532 1381 1777 1450 patrem
1803 1373 1817 1430 l

468 1467 715 1538 tempus
743 1466 881 1532 erit,
906 1482 1046 1520 cum
1071 1471 1143 1520 tu
1169 1469 1339 1520 trans
1366 1459 1567 1518 Rheni
1591 1481 1817 1519 cornua
1842 1464 2056 1531 victor,

468 1547 767 1607 Arcadius
794 1558 1015 1627 captae
1044 1548 1247 1628 spoliis
1274 1548 1604 1627 Babylonis
1631 1557 1885 1607 onustus

467 1655 856 1695 communem
885 1641 1113 1696 maiore
1143 1645 1293 1715 toga
1321 1637 1640 1715 signabitis
1672 1657 1899 1695 annum
1925 1655 1940 1706 ;

467 1728 844 1802 crinitusque
872 1734 983 1784 tuo
1013 1725 1262 1784 sudabit
1289 1723 1455 1783 fasce
1485 1724 1744 1794 Suebus,
2172 1733 2280 1782 655

467 1811 685 1871 ultima
711 1811 1015 1871 fraternas
1043 1812 1382 1871 horrebunt
1409 1812 1631 1871 Bactra
1658 1832 1920 1871 secureS.

586 2015 607 2047 ¹
644 2016 854 2068 Marius
874 2032 986 2068 was
1007 2016 1196 2069 consul
1218 2033 1396 2076 seven,
1422 2016 1703 2082 Augustus
1726 2017 1973 2077 thirteen,
1995 2018 2174 2068 times.

464 3265 581 3316 334
