2511 3938
1231 317 1680 377 CLAUDIAN

559 475 1002 555 collectamque
1033 477 1139 537 diu
1170 485 1236 537 et
1265 480 1450 536 certis
1478 483 1815 556 utcumque
1844 478 2113 537 locatam

560 574 806 633 sedibus
834 579 900 632 in
927 575 1184 635 dubium
1211 579 1416 656 patiar
1444 576 1757 654 deponere
1784 575 2016 634 famam
2041 577 2066 634 ?

558 693 672 732 nec
700 693 822 743 me,
851 675 1000 752 quid
1025 673 1232 734 valeat
1259 684 1482 734 natura
1509 673 1724 733 fortior
1752 694 1917 745 usus,
2276 684 2371 732 185

558 777 856 851 praeterit
886 782 996 832 aut
1025 783 1329 852 quantum
1357 773 1682 853 neglectae
1712 773 1947 834 defluat
1976 777 2117 833 arti.

556 871 781 930 desidis
810 876 1059 951 aurigae
1086 893 1211 931 non
1237 873 1412 932 audit
1437 874 1696 931 verbera
1720 893 1928 932 currus
1935 916 1951 943 ,

556 991 671 1029 nec
700 992 916 1031 manus
947 976 1225 1051 agnoscit
1254 991 1441 1050 quem
1470 993 1594 1031 non
1625 976 1903 1031 exercuit
1932 992 2161 1032 arcum.

558 1088 691 1128 esse
720 1070 832 1129 sed
856 1074 1153 1129 iniustum
1179 1069 1383 1129 fateor
1411 1071 1843 1149 quodcumque
1870 1079 2136 1149 negatur

555 1171 848 1227 iustitiae.
929 1175 1001 1226 tu
1029 1172 1228 1247 prima
1259 1168 1571 1227 hominem
1601 1169 1977 1228 silvestribus
2009 1173 2206 1228 antris
2273 1179 2371 1229 190
2464 1165 2465 1168 '

558 1267 722 1326 elicis
751 1276 817 1327 et
842 1267 1027 1327 foedo
1053 1268 1345 1346 deterges
1373 1268 1617 1327 saecula
1642 1272 1830 1328 victu.

554 1373 622 1425 te
651 1375 905 1446 propter
933 1366 1185 1426 colimus
1214 1367 1386 1446 leges
1417 1370 1776 1445 animosque
1803 1365 2075 1425 ferarum

557 1469 857 1525 exuimus,
936 1466 1146 1525 nitidis
1178 1469 1451 1546 quisquis
1482 1474 1549 1525 te
1580 1467 1857 1525 sensibus
1887 1466 2115 1536 hausit,

554 1568 761 1623 inruet
785 1565 1127 1643 intrepidus
1156 1564 1438 1635 flammiS,
1465 1564 1724 1624 hiberna
1750 1567 1985 1624 secabit

556 1683 845 1741 aequora,
877 1662 1185 1723 confertos
1216 1663 1427 1723 hostes
1459 1664 1776 1742 superabit
1805 1666 2075 1722 inermis.
2240 1709 2245 1713 .
2273 1674 2370 1723 195

553 1762 655 1820 ille
682 1761 782 1819 vel
809 1761 1189 1839 Aethiopum
1214 1761 1436 1841 pluviis
1464 1762 1759 1822 solabitur
1786 1771 1992 1822 aestus
2018 1780 2035 1832 3

553 1859 726 1918 illum
752 1868 921 1918 trans
951 1860 1269 1940 Scythiam
1295 1880 1517 1920 vernus
1546 1861 1940 1920 comitabitur
1968 1859 2140 1919 aerff’

630 1957 729 2018 Sic
753 1956 919 2018 fatus
946 1958 1236 2019 tradente
1265 1958 1385 2019 dea
1410 1962 1682 2038 suscepit
1707 1958 1978 2018 habenas

553 2066 848 2135 quattuor
877 2061 1117 2137 ingenti
1146 2061 1293 2117 iuris
1325 2067 1576 2118 temone
1606 2057 1862 2117 refusas.

551 2159 749 2235 prima
778 2155 1015 2215 Padum
1041 2155 1461 2235 Thybrimque
1487 2156 1644 2235 ligat
1670 2157 1989 2235 crebisque
2021 2159 2370 2218 micantem

551 2256 802 2314 urbibus
834 2255 1079 2313 Italiam
1105 2273 1120 2325 3
1176 2255 1475 2315 Numidas
1498 2256 1522 2293 1
1557 2255 1918 2334 Poenosque
1952 2256 2227 2316 secunda
2259 2267 2364 2317 201

550 2360 865 2433 temperat
889 2374 905 2425 3
959 2353 1200 2434 Illyrico
1228 2374 1296 2413 se
1324 2358 1513 2414 tertia
1538 2358 1797 2433 porrigit
1823 2355 1957 2413 orbi
1981 2373 1999 2424 ;

550 2453 769 2512 ultima
797 2453 1161 2525 Sardiniam,
1190 2453 1464 2533 Cyrnum
1490 2453 1883 2531 trifidamque
1911 2461 2193 2513 retentat

549 2552 853 2611 Sicaniam
882 2560 948 2611 et
976 2552 1276 2630 quidquid
1302 2552 1620 2631 Tyrrhena
1646 2552 1929 2611 tunditur
1956 2551 2124 2610 unda

547 2650 647 2709 vel
675 2654 872 2729 gemit
903 2650 1096 2709 Ionia.
1176 2670 1292 2709 nec
1321 2659 1388 2710 te
1418 2659 1516 2710 tot
1543 2650 1776 2709 lumina
1802 2670 2008 2708 rerum
2258 2662 2368 2712 205

549 2758 659 2809 aut
685 2758 932 2809 tantum
958 2750 1235 2809 turbavit
1263 2769 1415 2809 onus
1442 2769 1458 2820 ;
1507 2750 1618 2809 sed
1644 2758 1715 2808 ut
1743 2749 1903 2808 altus
1932 2748 2189 2829 Olympi

546 2857 786 2919 vertex,
816 2851 921 2926 qui
949 2852 1149 2926 spatio
1178 2856 1397 2907 ventos
1426 2848 1786 2927 hiemesque
1814 2847 2131 2926 relinquit,

545 2956 919 3026 perpetuum
948 2946 1115 3006 nulla
1144 2955 1485 3006 temeratus
1516 2947 1683 3005 nube
1714 2964 2001 3004 serenum

546 3047 760 3105 celsior
788 3050 1036 3126 exurgit
1061 3045 1281 3125 pluviis
1311 3046 1607 3124 auditque
1635 3053 1887 3104 ruentes

932 3179 950 3211 ¹
986 3176 1257 3229 Numidas
1278 3176 1539 3229 Heinsius
1553 3195 1575 3240 ,·
1607 3177 1733 3229 Birt
1758 3175 1982 3243 †Lydos

547 3264 663 3316 352
