2511 3938
1177 351 1625 411 CLAUDIAN

500 513 762 588 sperasti
787 509 1048 569 famulas
1074 515 1392 590 imponere
1418 531 1597 589 posse
1625 521 1877 571 catenas
1904 513 1927 569 ?

500 626 665 685 unde
692 626 824 685 redi
852 631 1046 685 nescis
1074 628 1096 685 ?
1178 631 1460 704 patiarne
1489 628 1700 686 audire
1728 626 1995 696 satelles,

501 744 605 819 qui
631 739 803 820 leges
831 741 962 801 aliis
988 742 1468 821 libertatemque
1497 742 1714 801 reduxi
1740 744 1763 799 Ρ

500 858 593 915 bis
621 857 924 916 domitum
949 858 1126 916 civile
1154 857 1351 929 nefas,
1377 859 1470 916 bis
1497 862 1770 936 rupimus
1799 856 2009 935 Alpes.

500 979 598 1031 tot
624 993 734 1031 nos
760 972 923 1031 bella
950 973 1175 1032 docent
1200 973 1351 1031 nulli
1378 977 1602 1032 servire
1630 970 1957 1053 tyranno.’'
2204 979 2307 1027 390

580 1088 890 1166 Deriguit.
970 1107 1108 1166 spes
1136 1088 1303 1146 nulla
1327 1086 1514 1166 fugae
1542 1106 1557 1157 3
1606 1108 1782 1166 seges
1810 1087 2080 1165 undique
2107 1085 2253 1143 ferri

500 1203 865 1263 circumfusa
891 1208 1078 1263 micat
1104 1223 1120 1274 ;
1168 1204 1392 1263 dextra
1416 1204 1714 1282 laevaque
1741 1207 2048 1262 revinctus

503 1319 703 1380 haesit
731 1330 798 1380 et
826 1320 1125 1380 ensiferae
1153 1325 1393 1399 stupuit
1420 1341 1706 1379 mucrone
1738 1339 2019 1389 coronae,

503 1446 575 1495 ut
599 1435 754 1508 fera,
781 1458 940 1516 quae
968 1457 1177 1515 nuper,
1190 1445 1433 1496 montes
1462 1440 1666 1495 amisit
1693 1440 1889 1495 avitos

504 1552 890 1631 altorumque
919 1554 1062 1611 exul
1088 1573 1410 1612 nemorum
1436 1553 1766 1612 damnatur
1793 1553 2061 1611 harenae
2202 1560 2304 1610 395

505 1670 880 1740 muneribuS‚
906 1678 1213 1727 commota
1238 1673 1363 1728 ruit
1389 1688 1405 1739 3
1452 1672 1543 1727 vir
1568 1688 1878 1726 murmure
1905 1676 2118 1726 contra

504 1782 787 1842 hortatur
811 1789 1113 1863 nixusque
1139 1805 1306 1864 genu
1332 1785 1636 1843 venabula
1662 1785 1868 1844 tendit
1894 1804 1910 1855 ;

502 1899 607 1957 illa
632 1909 821 1978 pavet
847 1904 1140 1978 strepitus
1166 1920 1516 1981 cuneosque
1546 1910 1753 1960 erecta
1780 1900 2011 1960 theatri

505 2019 755 2094 respicit
782 2025 849 2075 et
874 2019 1036 2075 tanti
1063 2020 1319 2075 miratur
1345 2017 1521 2077 sibila
1547 2018 1734 2096 vulgi.

585 2132 760 2192 Unus
784 2153 898 2211 per
923 2133 1158 2192 medios
1186 2134 1454 2194 audendi
1478 2139 1725 2214 pronior
1752 2154 1897 2192 ense
2204 2142 2307 2190 400

504 2247 742 2327 prosilit
769 2258 984 2308 exerto
1012 2250 1315 2329 dictisque
1343 2259 1409 2309 et
1433 2251 1684 2310 vulnere
1711 2260 1918 2311 torvus

505 2368 755 2445 impetit
781 2386 795 2425 t
845 2375 883 2402 “
907 2365 1022 2425 hac
1056 2365 1328 2437 Stilicho,
1362 2387 1549 2445 quem
1572 2371 1765 2426 iactas
1797 2366 2052 2445 pellere,
2086 2366 2309 2426 dextra

505 2488 572 2540 te
598 2481 746 2542 ferit
772 2502 787 2552 ;
835 2481 949 2541 hoc
978 2484 1197 2541 absens
1223 2483 1460 2542 invadit
1486 2486 1717 2541 viscera
1742 2480 1969 2541 ferr0.’'

505 2601 590 2657 sic
616 2597 784 2657 fatur
809 2602 1155 2676 meritoque
1181 2597 1344 2657 latus
1371 2600 1826 2657 transverberat
1848 2601 1998 2657 ictu.

585 2714 757 2773 Felix
783 2713 887 2771 illa
913 2734 1152 2784 manuS‚
1180 2714 1372 2772 talem
1399 2734 1558 2793 quae
1584 2718 1781 2792 prima
1808 2733 2085 2772 cruorem
2207 2723 2308 2772 405

505 2829 781 2890 hauserit
809 2839 875 2889 et
900 2829 1047 2889 fessi
1072 2850 1340 2909 poenam
1365 2830 1649 2889 libaverit
1674 2832 1834 2889 orbis
1862 2831 1874 2889 l

508 2968 652 3007 mox
679 2967 892 3007 omnes
917 2945 1155 3005 laniant
1181 2945 1374 3005 hastis
1402 2954 1694 3025 artusque
1721 2955 2062 3007 trementes

508 3064 848 3124 dilacerant
874 3082 889 3133 3
938 3084 1060 3121 uno
1088 3071 1185 3124 tot
1211 3082 1464 3142 corpore
1491 3063 1619 3121 tela
1645 3072 1974 3141 tepescunt

510 3189 577 3240 et
602 3201 726 3239 non
750 3178 982 3238 infecto
1005 3178 1231 3257 puduit
1258 3199 1546 3237 mucrone
1573 3183 1817 3238 reverti.

510 3272 586 3333 86
