2511 3938
1169 289 1616 349 CLAUDIAN

485 453 571 508 sic
602 449 851 508 Rhenus
878 470 991 528 per
1019 459 1350 528 utrumque
1378 449 1563 519 latuS,
1594 449 1923 527 Medisque
1953 449 2222 508 subactis

489 552 698 601 nostra
725 542 1120 602 Semiramiae
1147 548 1414 602 timeant
1438 547 1701 622 insignia
1727 552 1926 602 turres
1953 562 1968 613 ;

489 640 573 695 sic
600 635 753 695 fluat
780 641 1081 696 attonitus
1109 637 1387 696 Romana
1412 657 1524 715 per
1549 637 1777 715 oppida
1804 633 2120 715 Ganges.’'

567 731 804 789 Ductor
821 730 902 789 ad
930 730 1081 789 haec
1104 752 1117 788 ε
1156 740 1193 766 “
1214 740 1432 809 optata
1458 733 1633 789 iubes
1654 730 1937 808 ultroque
1956 729 2294 801 volentem,

489 824 650 894 diva,
677 844 855 903 rogas
882 844 897 894 ;
940 846 1063 883 non
1090 825 1242 883 haec
1267 826 1550 903 precibus
1577 825 1946 903 temptanda
1971 822 2255 882 fuissent.

490 938 683 995 usque
711 919 948 978 adeone
976 939 1179 977 meam
1206 919 1479 978 condunt
1506 919 1729 977 oblivia
1755 927 2053 987 mentem,
2194 925 2294 974 166

490 1021 560 1071 ut
585 1017 799 1091 pigeat
826 1018 1174 1072 meminisse
1204 1013 1407 1084 Probi,
1434 1034 1557 1091 quo
1582 1014 1822 1072 vindice
1850 1022 2050 1071 totam

487 1108 750 1165 vidimus
779 1107 1146 1186 Hesperiam
1170 1106 1488 1185 fessasque
1515 1127 1835 1185 resurgere
1863 1115 2085 1185 gentes
2111 1108 2135 1165 ἓ

489 1211 636 1259 ante
664 1201 902 1260 dabunt
928 1201 1162 1260 hiemes
1191 1201 1419 1271 Nilum,
1445 1221 1557 1279 per
1583 1201 1835 1259 flumina
1863 1202 2148 1261 dammae

489 1298 783 1354 errabunt
808 1295 1128 1375 glacieque
1155 1300 1332 1374 niger
1359 1296 1751 1355 damnabitur
1778 1296 1989 1366 InduS,
2194 1304 2294 1353 170

489 1399 635 1448 ante
661 1389 986 1469 Thyesteis
1010 1394 1239 1449 iterum
1266 1394 1599 1449 conterrita
1625 1395 1851 1449 mensis

485 1488 774 1543 intercisa
800 1485 931 1543 dies
959 1483 1206 1563 refugos
1232 1493 1513 1543 vertetur
1537 1488 1602 1542 in
1629 1493 1820 1555 ortus,

488 1597 674 1656 quam
703 1577 934 1636 Probus
963 1599 999 1636 a
1026 1587 1234 1637 nostro
1260 1582 1454 1656 possit
1480 1578 1794 1637 discedere
1822 1575 2071 1637 sensu.”

566 1673 829 1730 Dixerat
856 1680 923 1730 et
947 1671 1125 1730 velox
1151 1676 1277 1729 iam
1304 1676 1554 1731 nuntius
1582 1672 1829 1731 advolat
1856 1673 2094 1731 urbem.

488 1765 802 1843 extemplo
830 1775 1148 1844 strepuere
1175 1765 1344 1824 chori
1369 1766 1676 1845 collesque
1703 1771 1938 1825 canoris
2191 1776 2288 1823 175

485 1859 798 1937 plausibus
823 1860 1068 1937 impulsi
1095 1870 1355 1938 septena
1382 1881 1529 1919 voce
1556 1862 1880 1920 resultant.

486 1954 756 2014 laetatur
782 1955 1131 2015 veneranda
1156 1976 1379 2034 parens
1408 1964 1474 2015 et
1498 1956 1716 2035 pollice
1744 1956 1926 2016 docto

484 2053 609 2107 iam
634 2057 815 2127 parat
842 2059 1087 2107 auratas
1114 2052 1362 2108 trabeas
1388 2054 1746 2129 cinctusque
1774 2055 2071 2109 micantes

486 2147 771 2214 stamine,
799 2144 966 2221 quod
991 2143 1157 2201 molli
1183 2144 1448 2202 tondent
1475 2145 1552 2204 de
1581 2149 1793 2223 stipite
1822 2144 2000 2204 Seres

484 2236 742 2298 frondea
767 2237 1079 2316 lanigerae
1107 2247 1431 2316 carpentes
1460 2239 1685 2297 vellera
1711 2239 1919 2309 silvae,
2190 2250 2286 2299 180

486 2342 551 2391 et
578 2332 829 2411 longum
857 2341 1076 2390 tenues
1104 2342 1338 2391 tractus
1363 2333 1647 2410 producit
1671 2336 1735 2389 in
1764 2353 1980 2391 aurum

486 2427 710 2506 filaque
738 2435 1023 2485 concreto
1050 2431 1217 2504 cogit
1243 2426 1524 2505 squalere
1552 2426 1803 2485 metallo
1831 2448 1845 2485 ε

485 2521 679 2599 qualis
705 2540 1044 2599 purpureas
1069 2523 1414 2598 praebebat
1440 2520 1700 2579 candida
1725 2530 1929 2579 vestes

484 2616 833 2673 numinibus
863 2613 1104 2672 Latona
1131 2618 1275 2685 suiS,
1302 2634 1442 2673 cum
1468 2635 1639 2672 sacra
1664 2614 1939 2673 redirent

485 2710 567 2768 ad
590 2708 723 2767 loca
749 2712 1001 2766 nutricis
1026 2713 1150 2766 iam
1177 2730 1301 2767 non
1329 2713 1597 2767 errantia
1626 2708 1790 2779 Deli,
2189 2719 2287 2767 185

481 2802 585 2860 illa
610 2802 772 2861 feros
799 2803 990 2861 saltus
1019 2811 1085 2861 et
1111 2803 1389 2862 desolata
1414 2802 1763 2881 relinquens

488 2895 779 2953 Maenala
805 2896 1030 2954 lassato
1057 2899 1240 2954 certis
1268 2897 1591 2954 venatibus
1620 2916 1784 2966 arcu,

487 2990 769 3048 Phoebus
798 2988 996 3048 adhuc
1022 2993 1209 3068 nigris
1236 2994 1506 3047 rorantia
1532 2989 1659 3048 tela
1686 2994 1937 3049 venenis

485 3087 761 3142 extincto
789 3081 1072 3161 Pythone
1100 3102 1322 3160 gerens
1350 3101 1365 3150 3
1413 3091 1562 3141 tunc
1587 3082 1784 3141 insula
1811 3093 1989 3142 notos

490 3199 562 3250 14
