<?xml version="1.0" encoding="UTF-8"?>
<!DOCTYPE html PUBLIC "-//W3C//DTD XHTML 1.0 Transitional//EN"
    "http://www.w3.org/TR/xhtml1/DTD/xhtml1-transitional.dtd">
<html xmlns="http://www.w3.org/1999/xhtml" xml:lang="en" lang="en">
 <head>
  <title>
</title>
<meta http-equiv="Content-Type" content="text/html;charset=utf-8" />
  <meta name='ocr-system' content='tesseract 3.04.00' />
  <meta name='ocr-capabilities' content='ocr_page ocr_carea ocr_par ocr_line ocrx_word'/>
</head>
<body>
  <div class='ocr_page' id='page_1' title='image "./claudianvolume00claugoog_0194.png"; bbox 0 0 2511 3938; ppageno 0'>
   <div class='ocr_carea' id='block_1_1' title="bbox 1119 333 1567 393">
    <p class='ocr_par' dir='ltr' id='par_1_1' title="bbox 1119 333 1567 393">
     <span class='ocr_line' id='line_1_1' title="bbox 1119 333 1567 393; baseline -0.004 0"><span class='ocrx_word' id='word_1_1' title='bbox 1119 333 1567 393; x_wconf 92' lang='lat' dir='ltr'><strong>CLAUDIAN</strong></span> 
     </span>
    </p>
   </div>
   <div class='ocr_carea' id='block_1_2' title="bbox 437 493 2250 2914">
    <p class='ocr_par' dir='ltr' id='par_1_2' title="bbox 439 493 2248 571">
     <span class='ocr_line' id='line_1_2' title="bbox 439 493 2248 571; baseline -0.002 -18"><span class='ocrx_word' id='word_1_2' title='bbox 439 494 687 553; x_wconf 84' lang='lat' dir='ltr'><strong>consule</strong></span> <span class='ocrx_word' id='word_1_3' title='bbox 714 494 972 553; x_wconf 80' lang='lat' dir='ltr'>nobilior</span> <span class='ocrx_word' id='word_1_4' title='bbox 996 494 1478 571; x_wconf 81' lang='lat' dir='ltr'><strong>libertatemque</strong></span> <span class='ocrx_word' id='word_1_5' title='bbox 1507 493 1784 562; x_wconf 80' lang='lat' dir='ltr'><strong>daturuS,</strong></span> <span class='ocrx_word' id='word_1_6' title='bbox 2147 500 2248 549; x_wconf 90' lang='grc'><strong>310</strong></span> 
     </span>
    </p>

    <p class='ocr_par' dir='ltr' id='par_1_3' title="bbox 440 581 2095 662">
     <span class='ocr_line' id='line_1_3' title="bbox 440 581 2095 662; baseline -0.002 -20"><span class='ocrx_word' id='word_1_7' title='bbox 440 601 628 662; x_wconf 90' lang='lat' dir='ltr'><strong>quam</strong></span> <span class='ocrx_word' id='word_1_8' title='bbox 653 584 917 642; x_wconf 89' lang='lat' dir='ltr'><strong>necdum</strong></span> <span class='ocrx_word' id='word_1_9' title='bbox 943 587 1190 641; x_wconf 91' lang='lat' dir='ltr'><strong>meruit.</strong></span> <span class='ocrx_word' id='word_1_10' title='bbox 1271 582 1511 642; x_wconf 81' lang='lat' dir='ltr'>scandit</span> <span class='ocrx_word' id='word_1_11' title='bbox 1537 582 1797 641; x_wconf 88' lang='lat' dir='ltr'><strong>sublime</strong></span> <span class='ocrx_word' id='word_1_12' title='bbox 1825 581 2095 641; x_wconf 90' lang='lat' dir='ltr'><strong>tribunal</strong></span> 
     </span>
    </p>

    <p class='ocr_par' dir='ltr' id='par_1_4' title="bbox 441 672 1925 752">
     <span class='ocr_line' id='line_1_4' title="bbox 441 672 1925 752; baseline -0.001 -20"><span class='ocrx_word' id='word_1_13' title='bbox 441 682 633 752; x_wconf 90' lang='lat' dir='ltr'><strong>atque</strong></span> <span class='ocrx_word' id='word_1_14' title='bbox 658 678 823 732; x_wconf 91' lang='lat' dir='ltr'><strong>inter</strong></span> <span class='ocrx_word' id='word_1_15' title='bbox 847 677 1122 751; x_wconf 90' lang='lat' dir='ltr'><strong>proprias</strong></span> <span class='ocrx_word' id='word_1_16' title='bbox 1149 672 1363 731; x_wconf 87' lang='lat' dir='ltr'><strong>laudes</strong></span> <span class='ocrx_word' id='word_1_17' title='bbox 1391 673 1707 751; x_wconf 89' lang='lat' dir='ltr'><strong>Aegyptia</strong></span> <span class='ocrx_word' id='word_1_18' title='bbox 1731 675 1925 730; x_wconf 90' lang='lat' dir='ltr'><strong>iactat</strong></span> 
     </span>
    </p>

    <p class='ocr_par' dir='ltr' id='par_1_5' title="bbox 441 766 1966 841">
     <span class='ocr_line' id='line_1_5' title="bbox 441 766 1966 841; baseline -0.001 -20"><span class='ocrx_word' id='word_1_19' title='bbox 441 767 676 822; x_wconf 90' lang='lat' dir='ltr'><strong>somnia</strong></span> <span class='ocrx_word' id='word_1_20' title='bbox 701 771 1164 841; x_wconf 81' lang='lat' dir='ltr'><strong>prostratosque</strong></span> <span class='ocrx_word' id='word_1_21' title='bbox 1191 766 1359 820; x_wconf 85' lang='lat' dir='ltr'><strong>canit</strong></span> <span class='ocrx_word' id='word_1_22' title='bbox 1386 781 1452 820; x_wconf 90' lang='lat' dir='ltr'><strong>se</strong></span> <span class='ocrx_word' id='word_1_23' title='bbox 1480 769 1623 820; x_wconf 93' lang='lat' dir='ltr'><strong>vate</strong></span> <span class='ocrx_word' id='word_1_24' title='bbox 1652 770 1966 841; x_wconf 85' lang='lat' dir='ltr'><strong>tyrannoS.</strong></span> 
     </span>
    </p>

    <p class='ocr_par' dir='ltr' id='par_1_6' title="bbox 440 855 1854 934">
     <span class='ocr_line' id='line_1_6' title="bbox 440 855 1854 934; baseline -0.001 -19"><span class='ocrx_word' id='word_1_25' title='bbox 440 857 672 916; x_wconf 89' lang='lat' dir='ltr'><strong>scilicet</strong></span> <span class='ocrx_word' id='word_1_26' title='bbox 697 861 762 915; x_wconf 89' lang='lat' dir='ltr'><strong>in</strong></span> <span class='ocrx_word' id='word_1_27' title='bbox 789 856 975 916; x_wconf 92' lang='lat' dir='ltr'><strong>dubio</strong></span> <span class='ocrx_word' id='word_1_28' title='bbox 1001 856 1229 915; x_wconf 87' lang='lat' dir='ltr'><strong>vindex</strong></span> <span class='ocrx_word' id='word_1_29' title='bbox 1254 855 1508 914; x_wconf 85' lang='lat' dir='ltr'><strong>Bellona</strong></span> <span class='ocrx_word' id='word_1_30' title='bbox 1533 856 1854 934; x_wconf 88' lang='lat' dir='ltr'><strong>pependit,</strong></span> 
     </span>
    </p>

    <p class='ocr_par' dir='ltr' id='par_1_7' title="bbox 440 945 2250 1024">
     <span class='ocr_line' id='line_1_7' title="bbox 440 945 2250 1024; baseline -0.002 -19"><span class='ocrx_word' id='word_1_31' title='bbox 440 946 589 1005; x_wconf 92' lang='lat' dir='ltr'><strong>dum</strong></span> <span class='ocrx_word' id='word_1_32' title='bbox 617 947 807 1024; x_wconf 91' lang='lat' dir='ltr'><strong>spado</strong></span> <span class='ocrx_word' id='word_1_33' title='bbox 833 947 1094 1005; x_wconf 87' lang='lat' dir='ltr'><strong>Tiresias</strong></span> <span class='ocrx_word' id='word_1_34' title='bbox 1123 954 1574 1024; x_wconf 86' lang='lat' dir='ltr'><strong>enervatusque</strong></span> <span class='ocrx_word' id='word_1_35' title='bbox 1605 945 1954 1023; x_wconf 83' lang='lat' dir='ltr'><strong>Melampus</strong></span> <span class='ocrx_word' id='word_1_36' title='bbox 2147 953 2250 1002; x_wconf 86' lang='lat'><strong>315</strong></span> 
     </span>
    </p>

    <p class='ocr_par' dir='ltr' id='par_1_8' title="bbox 441 1034 1965 1205">
     <span class='ocr_line' id='line_1_8' title="bbox 441 1034 1833 1116; baseline -0.001 -20"><span class='ocrx_word' id='word_1_37' title='bbox 441 1046 652 1116; x_wconf 89' lang='lat' dir='ltr'><strong>reptat</strong></span> <span class='ocrx_word' id='word_1_38' title='bbox 681 1039 760 1096; x_wconf 90' lang='lat' dir='ltr'><strong>ab</strong></span> <span class='ocrx_word' id='word_1_39' title='bbox 791 1045 1071 1096; x_wconf 89' lang='lat' dir='ltr'><strong>extremo</strong></span> <span class='ocrx_word' id='word_1_40' title='bbox 1097 1034 1372 1095; x_wconf 84' lang='lat' dir='ltr'><strong>referens</strong></span> <span class='ocrx_word' id='word_1_41' title='bbox 1401 1035 1645 1094; x_wconf 89' lang='lat' dir='ltr'><strong>oracula</strong></span> <span class='ocrx_word' id='word_1_42' title='bbox 1674 1035 1833 1095; x_wconf 89' lang='lat' dir='ltr'><strong>Nilo.</strong></span> 
     </span>
     <span class='ocr_line' id='line_1_9' title="bbox 520 1126 1965 1205; baseline -0.002 -19"><span class='ocrx_word' id='word_1_43' title='bbox 520 1127 941 1205; x_wconf 88' lang='lat' dir='ltr'><strong>Obstrepuere</strong></span> <span class='ocrx_word' id='word_1_44' title='bbox 970 1130 1174 1185; x_wconf 92' lang='lat' dir='ltr'><strong>avium</strong></span> <span class='ocrx_word' id='word_1_45' title='bbox 1200 1146 1402 1196; x_wconf 83' lang='lat' dir='ltr'><strong>voceS,</strong></span> <span class='ocrx_word' id='word_1_46' title='bbox 1431 1126 1746 1184; x_wconf 85' lang='lat' dir='ltr'><strong>exhorruit</strong></span> <span class='ocrx_word' id='word_1_47' title='bbox 1772 1146 1965 1184; x_wconf 90' lang='lat' dir='ltr'><strong>annus</strong></span> 
     </span>
    </p>

    <p class='ocr_par' dir='ltr' id='par_1_9' title="bbox 442 1214 1971 1294">
     <span class='ocr_line' id='line_1_10' title="bbox 442 1214 1971 1294; baseline -0.001 -18"><span class='ocrx_word' id='word_1_48' title='bbox 442 1237 689 1287; x_wconf 89' lang='lat' dir='ltr'><strong>nomen,</strong></span> <span class='ocrx_word' id='word_1_49' title='bbox 720 1225 787 1275; x_wconf 92' lang='lat' dir='ltr'><strong>et</strong></span> <span class='ocrx_word' id='word_1_50' title='bbox 812 1220 1094 1274; x_wconf 91' lang='lat' dir='ltr'><strong>insanum</strong></span> <span class='ocrx_word' id='word_1_51' title='bbox 1120 1220 1368 1294; x_wconf 88' lang='lat' dir='ltr'><strong>gemino</strong></span> <span class='ocrx_word' id='word_1_52' title='bbox 1394 1214 1733 1293; x_wconf 85' lang='lat' dir='ltr'><strong>proclamat</strong></span> <span class='ocrx_word' id='word_1_53' title='bbox 1760 1217 1840 1274; x_wconf 92' lang='lat' dir='ltr'><strong>ab</strong></span> <span class='ocrx_word' id='word_1_54' title='bbox 1866 1235 1971 1274; x_wconf 91' lang='lat' dir='ltr'><strong>ore</strong></span> 
     </span>
    </p>

    <p class='ocr_par' dir='ltr' id='par_1_10' title="bbox 445 1304 1892 1384">
     <span class='ocr_line' id='line_1_11' title="bbox 445 1304 1892 1384; baseline -0.001 -19"><span class='ocrx_word' id='word_1_55' title='bbox 445 1307 917 1384; x_wconf 84' lang='lat' dir='ltr'><strong>eunuchumque</strong></span> <span class='ocrx_word' id='word_1_56' title='bbox 946 1314 1121 1365; x_wconf 92' lang='lat' dir='ltr'><strong>vetat</strong></span> <span class='ocrx_word' id='word_1_57' title='bbox 1145 1304 1322 1364; x_wconf 84' lang='lat' dir='ltr'><strong>fastis</strong></span> <span class='ocrx_word' id='word_1_58' title='bbox 1350 1306 1642 1364; x_wconf 87' lang='lat' dir='ltr'><strong>accedere</strong></span> <span class='ocrx_word' id='word_1_59' title='bbox 1672 1305 1855 1364; x_wconf 89' lang='lat' dir='ltr'><strong>Ianus</strong></span> <span class='ocrx_word' id='word_1_60' title='bbox 1878 1326 1892 1364; x_wconf 74' lang='grc' dir='ltr'><strong>ε</strong></span> 
     </span>
    </p>

    <p class='ocr_par' dir='ltr' id='par_1_11' title="bbox 442 1394 2248 1465">
     <span class='ocr_line' id='line_1_12' title="bbox 442 1394 2248 1465; baseline -0.001 -11"><span class='ocrx_word' id='word_1_61' title='bbox 442 1406 717 1455; x_wconf 88' lang='lat' dir='ltr'><strong>sumeret</strong></span> <span class='ocrx_word' id='word_1_62' title='bbox 740 1396 1001 1456; x_wconf 85' lang='lat' dir='ltr'><strong>inlicitos</strong></span> <span class='ocrx_word' id='word_1_63' title='bbox 1031 1400 1265 1454; x_wconf 91' lang='lat' dir='ltr'><strong>etenim</strong></span> <span class='ocrx_word' id='word_1_64' title='bbox 1291 1399 1341 1454; x_wconf 91' lang='lat' dir='ltr'><strong>si</strong></span> <span class='ocrx_word' id='word_1_65' title='bbox 1366 1394 1598 1453; x_wconf 88' lang='lat' dir='ltr'><strong>femina</strong></span> <span class='ocrx_word' id='word_1_66' title='bbox 1623 1394 1842 1465; x_wconf 83' lang='lat' dir='ltr'><strong>fasceS,</strong></span> <span class='ocrx_word' id='word_1_67' title='bbox 2146 1403 2248 1452; x_wconf 87' lang='lat'><strong>320</strong></span> 
     </span>
    </p>

    <p class='ocr_par' dir='ltr' id='par_1_12' title="bbox 444 1485 2023 1565">
     <span class='ocr_line' id='line_1_13' title="bbox 444 1485 2023 1565; baseline 0 -21"><span class='ocrx_word' id='word_1_68' title='bbox 444 1495 609 1545; x_wconf 91' lang='lat' dir='ltr'><strong>esset</strong></span> <span class='ocrx_word' id='word_1_69' title='bbox 637 1495 819 1565; x_wconf 89' lang='lat' dir='ltr'><strong>turpe</strong></span> <span class='ocrx_word' id='word_1_70' title='bbox 847 1491 1069 1547; x_wconf 75' lang='lat' dir='ltr'><strong>minus,</strong></span> <span class='ocrx_word' id='word_1_71' title='bbox 1151 1486 1357 1544; x_wconf 92' lang='lat' dir='ltr'><strong>Medis</strong></span> <span class='ocrx_word' id='word_1_72' title='bbox 1385 1485 1743 1564; x_wconf 91' lang='lat' dir='ltr'><strong>levibusque</strong></span> <span class='ocrx_word' id='word_1_73' title='bbox 1772 1485 2023 1544; x_wconf 88' lang='lat' dir='ltr'><strong>Sabaeis</strong></span> 
     </span>
    </p>

    <p class='ocr_par' dir='ltr' id='par_1_13' title="bbox 443 1576 1911 1655">
     <span class='ocr_line' id='line_1_14' title="bbox 443 1576 1911 1655; baseline -0.001 -21"><span class='ocrx_word' id='word_1_74' title='bbox 443 1580 706 1654; x_wconf 91' lang='lat' dir='ltr'><strong>imperat</strong></span> <span class='ocrx_word' id='word_1_75' title='bbox 733 1576 830 1634; x_wconf 88' lang='lat' dir='ltr'><strong>hic</strong></span> <span class='ocrx_word' id='word_1_76' title='bbox 857 1597 1061 1647; x_wconf 82' lang='lat' dir='ltr'><strong>sexuS,</strong></span> <span class='ocrx_word' id='word_1_77' title='bbox 1087 1580 1562 1655; x_wconf 88' lang='lat' dir='ltr'><strong>reginarumque</strong></span> <span class='ocrx_word' id='word_1_78' title='bbox 1590 1577 1703 1634; x_wconf 90' lang='lat' dir='ltr'><strong>sub</strong></span> <span class='ocrx_word' id='word_1_79' title='bbox 1732 1579 1911 1634; x_wconf 91' lang='lat' dir='ltr'><strong>armis</strong></span> 
     </span>
    </p>

    <p class='ocr_par' dir='ltr' id='par_1_14' title="bbox 442 1664 2146 1745">
     <span class='ocr_line' id='line_1_15' title="bbox 442 1664 2146 1745; baseline 0.001 -22"><span class='ocrx_word' id='word_1_80' title='bbox 442 1666 760 1724; x_wconf 88' lang='lat' dir='ltr'><strong>barbariae</strong></span> <span class='ocrx_word' id='word_1_81' title='bbox 785 1686 927 1744; x_wconf 91' lang='lat' dir='ltr'><strong>pars</strong></span> <span class='ocrx_word' id='word_1_82' title='bbox 953 1687 1179 1745; x_wconf 87' lang='lat' dir='ltr'><strong>magna</strong></span> <span class='ocrx_word' id='word_1_83' title='bbox 1205 1670 1370 1724; x_wconf 91' lang='lat' dir='ltr'><strong>iacet</strong></span> <span class='ocrx_word' id='word_1_84' title='bbox 1397 1687 1411 1725; x_wconf 74' lang='grc' dir='ltr'><strong>ε</strong></span> <span class='ocrx_word' id='word_1_85' title='bbox 1459 1685 1611 1745; x_wconf 88' lang='lat' dir='ltr'><strong>gens</strong></span> <span class='ocrx_word' id='word_1_86' title='bbox 1638 1664 1805 1724; x_wconf 91' lang='lat' dir='ltr'><strong>nulla</strong></span> <span class='ocrx_word' id='word_1_87' title='bbox 1829 1666 2146 1743; x_wconf 88' lang='lat' dir='ltr'><strong>probatur,</strong></span> 
     </span>
    </p>

    <p class='ocr_par' dir='ltr' id='par_1_15' title="bbox 443 1754 2046 1833">
     <span class='ocr_line' id='line_1_16' title="bbox 443 1754 2046 1833; baseline 0.001 -21"><span class='ocrx_word' id='word_1_88' title='bbox 443 1755 705 1813; x_wconf 91' lang='lat' dir='ltr'><strong>eunuchi</strong></span> <span class='ocrx_word' id='word_1_89' title='bbox 734 1776 894 1833; x_wconf 91' lang='lat' dir='ltr'><strong>quae</strong></span> <span class='ocrx_word' id='word_1_90' title='bbox 921 1764 1165 1833; x_wconf 90' lang='lat' dir='ltr'><strong>sceptra</strong></span> <span class='ocrx_word' id='word_1_91' title='bbox 1189 1754 1374 1814; x_wconf 88' lang='lat' dir='ltr'><strong>ferat.</strong></span> <span class='ocrx_word' id='word_1_92' title='bbox 1452 1756 1746 1825; x_wconf 89' lang='lat' dir='ltr'><strong>Tritonia,</strong></span> <span class='ocrx_word' id='word_1_93' title='bbox 1775 1754 2046 1826; x_wconf 88' lang='lat' dir='ltr'><strong>Phoebe,</strong></span> 
     </span>
    </p>

    <p class='ocr_par' dir='ltr' id='par_1_16' title="bbox 441 1844 2247 1924">
     <span class='ocr_line' id='line_1_17' title="bbox 441 1844 2247 1924; baseline 0.001 -23"><span class='ocrx_word' id='word_1_94' title='bbox 441 1844 650 1914; x_wconf 88' lang='lat' dir='ltr'><strong>Terra,</strong></span> <span class='ocrx_word' id='word_1_95' title='bbox 680 1845 886 1916; x_wconf 86' lang='lat' dir='ltr'><strong>CereS,</strong></span> <span class='ocrx_word' id='word_1_96' title='bbox 915 1845 1169 1924; x_wconf 89' lang='lat' dir='ltr'><strong>Cybele,</strong></span> <span class='ocrx_word' id='word_1_97' title='bbox 1197 1845 1375 1915; x_wconf 94' lang='lat' dir='ltr'><strong>Iuno,</strong></span> <span class='ocrx_word' id='word_1_98' title='bbox 1403 1845 1644 1904; x_wconf 86' lang='lat' dir='ltr'><strong>Latona</strong></span> <span class='ocrx_word' id='word_1_99' title='bbox 1670 1845 1953 1905; x_wconf 91' lang='lat' dir='ltr'><strong>coluntur</strong></span> <span class='ocrx_word' id='word_1_100' title='bbox 1979 1865 1993 1904; x_wconf 73' lang='grc' dir='ltr'><strong>ε</strong></span> <span class='ocrx_word' id='word_1_101' title='bbox 2144 1853 2247 1903; x_wconf 88' lang='grc'><strong>325</strong></span> 
     </span>
    </p>

    <p class='ocr_par' dir='ltr' id='par_1_17' title="bbox 443 1934 1983 2014">
     <span class='ocr_line' id='line_1_18' title="bbox 443 1934 1983 2014; baseline 0.002 -22"><span class='ocrx_word' id='word_1_102' title='bbox 443 1934 706 2004; x_wconf 82' lang='lat' dir='ltr'><strong>eunuchi</strong></span> <span class='ocrx_word' id='word_1_103' title='bbox 733 1954 893 2013; x_wconf 90' lang='lat' dir='ltr'><strong>quae</strong></span> <span class='ocrx_word' id='word_1_104' title='bbox 922 1934 1156 2014; x_wconf 90' lang='lat' dir='ltr'><strong>templa</strong></span> <span class='ocrx_word' id='word_1_105' title='bbox 1182 1935 1304 2006; x_wconf 91' lang='lat' dir='ltr'><strong>dei,</strong></span> <span class='ocrx_word' id='word_1_106' title='bbox 1333 1955 1485 2014; x_wconf 92' lang='lat' dir='ltr'><strong>quas</strong></span> <span class='ocrx_word' id='word_1_107' title='bbox 1512 1936 1771 1995; x_wconf 85' lang='lat' dir='ltr'><strong>vidimus</strong></span> <span class='ocrx_word' id='word_1_108' title='bbox 1800 1956 1934 1995; x_wconf 88' lang='lat' dir='ltr'><strong>aras</strong></span> <span class='ocrx_word' id='word_1_109' title='bbox 1960 1936 1983 1994; x_wconf 89' lang='lat'>?</span> 
     </span>
    </p>

    <p class='ocr_par' dir='ltr' id='par_1_18' title="bbox 439 2024 2058 2103">
     <span class='ocr_line' id='line_1_19' title="bbox 439 2024 2058 2103; baseline 0.002 -21"><span class='ocrx_word' id='word_1_110' title='bbox 439 2025 588 2083; x_wconf 83' lang='lat' dir='ltr'><strong>inde&#39;</strong></span> <span class='ocrx_word' id='word_1_111' title='bbox 612 2024 963 2084; x_wconf 89' lang='lat' dir='ltr'><strong>sacerdotes</strong></span> <span class='ocrx_word' id='word_1_112' title='bbox 990 2044 1006 2094; x_wconf 91' lang='lat'>;</span> <span class='ocrx_word' id='word_1_113' title='bbox 1054 2025 1206 2084; x_wconf 91' lang='lat' dir='ltr'><strong>haec</strong></span> <span class='ocrx_word' id='word_1_114' title='bbox 1231 2029 1427 2085; x_wconf 86' lang='lat' dir='ltr'><strong>intrat</strong></span> <span class='ocrx_word' id='word_1_115' title='bbox 1450 2035 1704 2103; x_wconf 87' lang='lat' dir='ltr'><strong>pectora</strong></span> <span class='ocrx_word' id='word_1_116' title='bbox 1732 2025 2015 2085; x_wconf 91' lang='lat' dir='ltr'><strong>Phoebus</strong></span> <span class='ocrx_word' id='word_1_117' title='bbox 2040 2045 2058 2097; x_wconf 89' lang='lat'>;</span> 
     </span>
    </p>

    <p class='ocr_par' dir='ltr' id='par_1_19' title="bbox 437 2114 2042 2193">
     <span class='ocr_line' id='line_1_20' title="bbox 437 2114 2042 2193; baseline 0.001 -21"><span class='ocrx_word' id='word_1_118' title='bbox 437 2114 584 2172; x_wconf 92' lang='lat' dir='ltr'><strong>inde</strong></span> <span class='ocrx_word' id='word_1_119' title='bbox 610 2124 842 2173; x_wconf 91' lang='lat' dir='ltr'><strong>canunt</strong></span> <span class='ocrx_word' id='word_1_120' title='bbox 869 2115 1097 2193; x_wconf 91' lang='lat' dir='ltr'><strong>Delphi</strong></span> <span class='ocrx_word' id='word_1_121' title='bbox 1123 2134 1139 2185; x_wconf 85' lang='lat'><em>3</em></span> <span class='ocrx_word' id='word_1_122' title='bbox 1186 2115 1512 2174; x_wconf 90' lang='lat' dir='ltr'><strong>Troianam</strong></span> <span class='ocrx_word' id='word_1_123' title='bbox 1539 2116 1666 2174; x_wconf 90' lang='lat' dir='ltr'><strong>sola</strong></span> <span class='ocrx_word' id='word_1_124' title='bbox 1695 2115 2042 2175; x_wconf 90' lang='lat' dir='ltr'><strong>Minervam</strong></span> 
     </span>
    </p>

    <p class='ocr_par' dir='ltr' id='par_1_20' title="bbox 438 2204 1913 2284">
     <span class='ocr_line' id='line_1_21' title="bbox 438 2204 1913 2284; baseline 0.003 -23"><span class='ocrx_word' id='word_1_125' title='bbox 438 2207 755 2282; x_wconf 89' lang='lat' dir='ltr'><strong>virginitas</strong></span> <span class='ocrx_word' id='word_1_126' title='bbox 783 2204 1046 2263; x_wconf 89' lang='lat' dir='ltr'><strong>Vestalis</strong></span> <span class='ocrx_word' id='word_1_127' title='bbox 1075 2205 1205 2264; x_wconf 82' lang='lat' dir='ltr'><strong>adit</strong></span> <span class='ocrx_word' id='word_1_128' title='bbox 1231 2204 1632 2284; x_wconf 88' lang='lat' dir='ltr'><strong>flammasque</strong></span> <span class='ocrx_word' id='word_1_129' title='bbox 1659 2214 1873 2265; x_wconf 89' lang='lat' dir='ltr'><strong>tuetur</strong></span> <span class='ocrx_word' id='word_1_130' title='bbox 1899 2227 1913 2265; x_wconf 75' lang='grc' dir='ltr'><strong>ε</strong></span> 
     </span>
    </p>

    <p class='ocr_par' dir='ltr' id='par_1_21' title="bbox 438 2293 2247 2374">
     <span class='ocr_line' id='line_1_22' title="bbox 438 2293 2247 2374; baseline 0.002 -23"><span class='ocrx_word' id='word_1_131' title='bbox 438 2293 501 2351; x_wconf 84' lang='lat' dir='ltr'><strong>hi</strong></span> <span class='ocrx_word' id='word_1_132' title='bbox 528 2293 724 2352; x_wconf 91' lang='lat' dir='ltr'><strong>nullas</strong></span> <span class='ocrx_word' id='word_1_133' title='bbox 751 2298 956 2353; x_wconf 89' lang='lat' dir='ltr'><strong>meriti</strong></span> <span class='ocrx_word' id='word_1_134' title='bbox 983 2298 1169 2354; x_wconf 89' lang='lat' dir='ltr'><strong>vittas</strong></span> <span class='ocrx_word' id='word_1_135' title='bbox 1197 2315 1565 2374; x_wconf 90' lang='lat' dir='ltr'><strong>semperque</strong></span> <span class='ocrx_word' id='word_1_136' title='bbox 1590 2295 1852 2373; x_wconf 87' lang='lat' dir='ltr'><strong>profani.</strong></span> <span class='ocrx_word' id='word_1_137' title='bbox 2143 2305 2247 2355; x_wconf 91' lang='grc'><strong>330</strong></span> 
     </span>
    </p>

    <p class='ocr_par' dir='ltr' id='par_1_22' title="bbox 440 2383 2079 2464">
     <span class='ocr_line' id='line_1_23' title="bbox 440 2383 2079 2464; baseline 0.002 -22"><span class='ocrx_word' id='word_1_138' title='bbox 440 2387 711 2442; x_wconf 91' lang='lat' dir='ltr'><strong>nascitur</strong></span> <span class='ocrx_word' id='word_1_139' title='bbox 738 2385 817 2443; x_wconf 94' lang='lat' dir='ltr'><strong>ad</strong></span> <span class='ocrx_word' id='word_1_140' title='bbox 842 2383 1111 2443; x_wconf 89' lang='lat' dir='ltr'><strong>fructum</strong></span> <span class='ocrx_word' id='word_1_141' title='bbox 1137 2385 1357 2443; x_wconf 88' lang='lat' dir='ltr'><strong>mulier</strong></span> <span class='ocrx_word' id='word_1_142' title='bbox 1380 2385 1740 2464; x_wconf 90' lang='lat' dir='ltr'><strong>prolemque</strong></span> <span class='ocrx_word' id='word_1_143' title='bbox 1767 2385 2041 2444; x_wconf 87' lang='lat' dir='ltr'><strong>futuram</strong></span> <span class='ocrx_word' id='word_1_144' title='bbox 2064 2406 2079 2445; x_wconf 71' lang='grc' dir='ltr'><em>τ</em></span> 
     </span>
    </p>

    <p class='ocr_par' dir='ltr' id='par_1_23' title="bbox 440 2472 2147 2551">
     <span class='ocr_line' id='line_1_24' title="bbox 440 2472 2147 2551; baseline 0.002 -21"><span class='ocrx_word' id='word_1_145' title='bbox 440 2472 555 2531; x_wconf 89' lang='lat' dir='ltr'><strong>hoc</strong></span> <span class='ocrx_word' id='word_1_146' title='bbox 581 2493 777 2551; x_wconf 90' lang='lat' dir='ltr'><strong>genus</strong></span> <span class='ocrx_word' id='word_1_147' title='bbox 802 2478 1122 2532; x_wconf 89' lang='lat' dir='ltr'><strong>inventum</strong></span> <span class='ocrx_word' id='word_1_148' title='bbox 1150 2483 1246 2533; x_wconf 93' lang='lat' dir='ltr'><strong>est</strong></span> <span class='ocrx_word' id='word_1_149' title='bbox 1273 2483 1344 2533; x_wconf 92' lang='lat' dir='ltr'><strong>ut</strong></span> <span class='ocrx_word' id='word_1_150' title='bbox 1369 2479 1616 2534; x_wconf 88' lang='lat' dir='ltr'><strong>serviat.</strong></span> <span class='ocrx_word' id='word_1_151' title='bbox 1696 2475 1976 2535; x_wconf 90' lang='lat' dir='ltr'><strong>Herculis</strong></span> <span class='ocrx_word' id='word_1_152' title='bbox 2004 2496 2147 2535; x_wconf 87' lang='lat' dir='ltr'><strong>arcu</strong></span> 
     </span>
    </p>

    <p class='ocr_par' dir='ltr' id='par_1_24' title="bbox 440 2563 1993 2644">
     <span class='ocr_line' id='line_1_25' title="bbox 440 2563 1993 2644; baseline 0 -20"><span class='ocrx_word' id='word_1_153' title='bbox 440 2563 705 2624; x_wconf 88' lang='lat' dir='ltr'><strong>concidit</strong></span> <span class='ocrx_word' id='word_1_154' title='bbox 733 2563 1072 2642; x_wconf 89' lang='lat' dir='ltr'><strong>Hippolyte</strong></span> <span class='ocrx_word' id='word_1_155' title='bbox 1099 2583 1114 2633; x_wconf 91' lang='lat'>;</span> <span class='ocrx_word' id='word_1_156' title='bbox 1165 2564 1368 2623; x_wconf 84' lang='lat' dir='ltr'><strong>Danai</strong></span> <span class='ocrx_word' id='word_1_157' title='bbox 1393 2563 1611 2644; x_wconf 88' lang='lat' dir='ltr'><strong>fugere</strong></span> <span class='ocrx_word' id='word_1_158' title='bbox 1639 2567 1993 2643; x_wconf 90' lang='lat' dir='ltr'><strong>bipennem,</strong></span> 
     </span>
    </p>

    <p class='ocr_par' dir='ltr' id='par_1_25' title="bbox 442 2651 1950 2735">
     <span class='ocr_line' id='line_1_26' title="bbox 442 2651 1950 2735; baseline 0.003 -25"><span class='ocrx_word' id='word_1_159' title='bbox 442 2651 854 2722; x_wconf 88' lang='lat' dir='ltr'><strong>Penthesilea,</strong></span> <span class='ocrx_word' id='word_1_160' title='bbox 883 2661 1057 2712; x_wconf 92' lang='lat' dir='ltr'><strong>tuam</strong></span> <span class='ocrx_word' id='word_1_161' title='bbox 1082 2672 1098 2723; x_wconf 84' lang='lat'><em>3</em></span> <span class='ocrx_word' id='word_1_162' title='bbox 1145 2653 1338 2713; x_wconf 88' lang='lat' dir='ltr'><strong>claras</strong></span> <span class='ocrx_word' id='word_1_163' title='bbox 1368 2655 1753 2735; x_wconf 82' lang='lat' dir='ltr'><strong>Carthaginis</strong></span> <span class='ocrx_word' id='word_1_164' title='bbox 1782 2676 1950 2715; x_wconf 90' lang='lat' dir='ltr'><strong>arces</strong></span> 
     </span>
    </p>

    <p class='ocr_par' dir='ltr' id='par_1_26' title="bbox 441 2742 2249 2824">
     <span class='ocr_line' id='line_1_27' title="bbox 441 2742 2249 2824; baseline 0.003 -24"><span class='ocrx_word' id='word_1_165' title='bbox 441 2742 712 2801; x_wconf 91' lang='lat' dir='ltr'><strong>creditur</strong></span> <span class='ocrx_word' id='word_1_166' title='bbox 739 2750 805 2801; x_wconf 90' lang='lat' dir='ltr'><strong>et</strong></span> <span class='ocrx_word' id='word_1_167' title='bbox 830 2752 1083 2801; x_wconf 89' lang='lat' dir='ltr'><strong>centum</strong></span> <span class='ocrx_word' id='word_1_168' title='bbox 1106 2747 1299 2822; x_wconf 92' lang='lat' dir='ltr'><strong>portis</strong></span> <span class='ocrx_word' id='word_1_169' title='bbox 1326 2745 1644 2824; x_wconf 87' lang='lat' dir='ltr'><strong>Babylona</strong></span> <span class='ocrx_word' id='word_1_170' title='bbox 1670 2747 1997 2824; x_wconf 90' lang='lat' dir='ltr'><strong>superbam</strong></span> <span class='ocrx_word' id='word_1_171' title='bbox 2144 2754 2249 2805; x_wconf 87' lang='lat'><strong>335</strong></span> 
     </span>
    </p>

    <p class='ocr_par' dir='ltr' id='par_1_27' title="bbox 440 2828 1961 2914">
     <span class='ocr_line' id='line_1_28' title="bbox 440 2828 1961 2914; baseline 0.003 -25"><span class='ocrx_word' id='word_1_172' title='bbox 440 2828 743 2890; x_wconf 85' lang='lat' dir='ltr'><strong>femineus</strong></span> <span class='ocrx_word' id='word_1_173' title='bbox 771 2835 1064 2890; x_wconf 87' lang='lat' dir='ltr'><strong>struxisse</strong></span> <span class='ocrx_word' id='word_1_174' title='bbox 1088 2831 1284 2893; x_wconf 89' lang='lat' dir='ltr'><strong>labor.</strong></span> <span class='ocrx_word' id='word_1_175' title='bbox 1364 2836 1512 2912; x_wconf 93' lang='lat' dir='ltr'><strong>quid</strong></span> <span class='ocrx_word' id='word_1_176' title='bbox 1538 2835 1741 2894; x_wconf 87' lang='lat' dir='ltr'><strong>nobile</strong></span> <span class='ocrx_word' id='word_1_177' title='bbox 1768 2839 1961 2914; x_wconf 88' lang='lat' dir='ltr'><strong>gessit</strong></span> 
     </span>
    </p>
   </div>
   <div class='ocr_carea' id='block_1_3' title="bbox 437 3057 2253 3257">
    <p class='ocr_par' dir='ltr' id='par_1_28' title="bbox 437 3057 2253 3257">
     <span class='ocr_line' id='line_1_29' title="bbox 509 3057 2251 3127; baseline 0.003 -20"><span class='ocrx_word' id='word_1_178' title='bbox 509 3058 530 3089; x_wconf 86' lang='lat'>¹</span> <span class='ocrx_word' id='word_1_179' title='bbox 568 3057 633 3107; x_wconf 94' lang='lat' dir='ltr'><strong>In</strong></span> <span class='ocrx_word' id='word_1_180' title='bbox 675 3062 777 3109; x_wconf 81' lang='lat'><strong>394</strong></span> <span class='ocrx_word' id='word_1_181' title='bbox 820 3058 1085 3110; x_wconf 89' lang='lat' dir='ltr'><strong>Arcadius</strong></span> <span class='ocrx_word' id='word_1_182' title='bbox 1128 3060 1237 3111; x_wconf 90' lang='lat' dir='ltr'><strong>had</strong></span> <span class='ocrx_word' id='word_1_183' title='bbox 1280 3066 1398 3112; x_wconf 90' lang='lat' dir='ltr'><strong>sent</strong></span> <span class='ocrx_word' id='word_1_184' title='bbox 1440 3062 1732 3127; x_wconf 87' lang='lat' dir='ltr'><strong>Eutropius</strong></span> <span class='ocrx_word' id='word_1_185' title='bbox 1773 3067 1829 3113; x_wconf 91' lang='lat' dir='ltr'><strong>to</strong></span> <span class='ocrx_word' id='word_1_186' title='bbox 1871 3063 1963 3113; x_wconf 89' lang='lat' dir='ltr'><strong>the</strong></span> <span class='ocrx_word' id='word_1_187' title='bbox 2002 3061 2251 3113; x_wconf 86' lang='lat' dir='ltr'><strong>Thebaid</strong></span> 
     </span>
     <span class='ocr_line' id='line_1_30' title="bbox 439 3124 2253 3193; baseline 0.003 -20"><span class='ocrx_word' id='word_1_188' title='bbox 439 3125 496 3173; x_wconf 87' lang='lat' dir='ltr'><strong>to</strong></span> <span class='ocrx_word' id='word_1_189' title='bbox 542 3124 752 3175; x_wconf 88' lang='lat' dir='ltr'><strong>consult</strong></span> <span class='ocrx_word' id='word_1_190' title='bbox 796 3140 831 3174; x_wconf 90' lang='lat' dir='ltr'><strong>a</strong></span> <span class='ocrx_word' id='word_1_191' title='bbox 876 3126 1078 3176; x_wconf 84' lang='lat' dir='ltr'><strong>certain</strong></span> <span class='ocrx_word' id='word_1_192' title='bbox 1133 3125 1403 3177; x_wconf 86' lang='lat' dir='ltr'><strong>Christian</strong></span> <span class='ocrx_word' id='word_1_193' title='bbox 1448 3129 1693 3193; x_wconf 87' lang='lat' dir='ltr'><strong>prophet,</strong></span> <span class='ocrx_word' id='word_1_194' title='bbox 1740 3128 1906 3188; x_wconf 88' lang='lat' dir='ltr'><strong>John,</strong></span> <span class='ocrx_word' id='word_1_195' title='bbox 1954 3143 2102 3193; x_wconf 89' lang='lat' dir='ltr'><strong>upon</strong></span> <span class='ocrx_word' id='word_1_196' title='bbox 2157 3129 2253 3180; x_wconf 87' lang='lat' dir='ltr'><strong>the</strong></span> 
     </span>
     <span class='ocr_line' id='line_1_31' title="bbox 437 3188 1854 3257; baseline 0.004 -19"><span class='ocrx_word' id='word_1_197' title='bbox 437 3188 603 3240; x_wconf 88' lang='lat' dir='ltr'><strong>result</strong></span> <span class='ocrx_word' id='word_1_198' title='bbox 627 3188 688 3239; x_wconf 88' lang='lat' dir='ltr'><strong>of</strong></span> <span class='ocrx_word' id='word_1_199' title='bbox 707 3189 1000 3257; x_wconf 85' lang='lat' dir='ltr'><strong>Eugenius&#39;</strong></span> <span class='ocrx_word' id='word_1_200' title='bbox 1026 3191 1194 3242; x_wconf 86' lang='lat' dir='ltr'><strong>revolt</strong></span> <span class='ocrx_word' id='word_1_201' title='bbox 1216 3191 1455 3256; x_wconf 86' lang='lat' dir='ltr'><strong>(Sozom.</strong></span> <span class='ocrx_word' id='word_1_202' title='bbox 1479 3195 1569 3244; x_wconf 89' lang='lat' dir='ltr'><strong>vii.</strong></span> <span class='ocrx_word' id='word_1_203' title='bbox 1593 3197 1678 3245; x_wconf 72' lang='lat'><strong>22.</strong></span> <span class='ocrx_word' id='word_1_204' title='bbox 1706 3197 1757 3255; x_wconf 82' lang='grc'><strong>’7,</strong></span> <span class='ocrx_word' id='word_1_205' title='bbox 1782 3194 1854 3257; x_wconf 90' lang='grc'><strong>8).</strong></span> 
     </span>
    </p>
   </div>
   <div class='ocr_carea' id='block_1_4' title="bbox 448 3265 560 3325">
    <p class='ocr_par' dir='ltr' id='par_1_29' title="bbox 448 3265 560 3325">
     <span class='ocr_line' id='line_1_32' title="bbox 448 3265 560 3325; baseline 0.018 -2"><span class='ocrx_word' id='word_1_206' title='bbox 448 3265 560 3325; x_wconf 78' lang='lat'><strong>162</strong></span> 
     </span>
    </p>
   </div>
  </div>
 </body>
</html>
