2511 3938
1171 348 1619 412 CLAUDIAN

492 522 916 596 intactamque
944 538 1101 575 novo
1128 526 1433 575 servasset
1458 522 1709 576 crimine
1737 517 2016 575 Romam.

491 616 594 675 ille
622 617 798 675 dedit
821 624 1092 694 portum,
1120 635 1242 693 quo
1270 634 1336 673 se
1362 615 1607 693 pulsata
1632 614 1895 674 referret

495 719 785 774 maiestas
814 714 979 773 Latii
1006 712 1514 792 deformataeque
1542 734 1784 772 secures
1812 732 1827 783 ;
2203 717 2303 767 130

493 813 594 872 ille
623 814 798 873 dedit
823 812 1036 884 fastoS‚
1065 813 1145 871 ad
1172 833 1323 891 quos
1352 812 1610 872 Oriente
1636 812 1850 871 relieto

493 912 857 992 confugeret
883 932 1160 990 sparsum
1187 912 1439 970 maculis
1466 912 1782 970 servilibus
1810 929 2051 969 aevum.

572 1021 609 1047 “
637 1011 839 1085 Quam
861 1010 1085 1070 similes
1108 1010 1261 1068 haec
1285 1009 1423 1069 aula
1444 1014 1602 1068 viros
1625 1010 1637 1068 ἔ
1691 1009 1787 1086 ad
1806 1012 2051 1067 moenia
2070 1010 2232 1065 visus

452 1096 458 1101 ’
494 1109 690 1189 dirige
719 1130 733 1169 ε
781 1131 929 1169 num
956 1109 1178 1168 saltem
1205 1113 1398 1167 tacita
1424 1107 1748 1168 formidine
1775 1115 2053 1166 mussant
2078 1107 2102 1164 ?

495 1229 643 1267 num
661 1209 959 1267 damnant
976 1212 1178 1266 animo
1201 1208 1223 1265 ?
1245 1207 1649 1285 plaudentem
1670 1227 1852 1266 cerne
1875 1214 2159 1265 senatum
2203 1212 2300 1261 135

495 1316 562 1365 et
587 1307 958 1386 Byzantinos
983 1326 1267 1384 proceres
1297 1305 1635 1384 Graiosque
1665 1305 1957 1379 Quirites·

494 1426 531 1464 o
556 1407 834 1484 patribus
859 1405 1095 1483 plebeS‚
1123 1427 1158 1464 o
1187 1406 1358 1483 digni
1385 1404 1631 1463 consule
1657 1413 1867 1482 patres
1893 1404 1908 1462 l

494 1504 645 1582 quid
670 1505 692 1562 ?
743 1504 909 1582 quod
936 1513 1002 1562 et
1029 1508 1249 1562 armati
1276 1512 1520 1562 cessant
1549 1513 1614 1563 et
1640 1503 1808 1562 nulla
1832 1502 2017 1561 virilis

491 1605 657 1660 inter
683 1610 780 1660 tot
806 1601 1040 1679 gladios
1068 1621 1285 1660 sexum
1311 1605 1718 1660 reminiscitur
1742 1606 1832 1660 ira
1859 1603 1882 1659 ?

493 1699 713 1757 hucine
741 1708 1086 1758 nostrorum
1112 1703 1347 1757 cinctus
1376 1700 1582 1758 abiere
1610 1709 1909 1778 nepotum
1935 1700 1957 1757 ?
2201 1708 2298 1757 140

492 1802 576 1855 sic
603 1798 778 1856 Bruti
804 1798 1132 1876 despectus
1159 1797 1350 1856 honos
1378 1799 1400 1856 ?

1492 1906 1528 1933 “
1558 1898 1814 1977 Ignosce
1840 1901 2106 1977 parenti,

492 1995 771 2065 Romule,
800 1996 966 2074 quod
991 2015 1161 2054 serus
1188 1999 1509 2055 temeratis
1536 1994 1800 2055 fascibus
1829 1997 1990 2055 ultor

440 2114 449 2120 ·
493 2094 752 2153 advenio
780 2115 794 2153 ε
841 2098 1091 2153 iamiam
1117 2093 1301 2173 largis
1329 2094 1481 2154 haec
1508 2096 1735 2174 gaudia
1760 2094 1905 2154 faxo

491 2203 895 2270 compensent
920 2193 1201 2252 lacrimis.
1269 2193 1418 2272 quid
1444 2193 1678 2252 dudum
1703 2193 1916 2252 inflare
1943 2198 2195 2253 moraris

490 2291 870 2362 Tartaream,
889 2291 1162 2361 Bellona,
1182 2293 1421 2361 tubam,
1441 2292 1590 2369 quid
1609 2296 1910 2372 stringere
1931 2291 2173 2362 falcem,
2200 2302 2298 2353 145

492 2409 615 2467 qua
639 2390 896 2467 populos
926 2411 963 2448 a
989 2394 1180 2468 stirpe
1207 2393 1391 2448 metis
1418 2390 1440 2447 ?
1521 2390 1731 2449 molire
1760 2391 2081 2460 tumultuS,

492 2496 716 2546 excute
746 2487 1013 2546 delicias,
1091 2488 1396 2547 Thracum
1430 2487 1873 2567 Macetumque
1903 2493 2115 2548 ruinae

493 2586 711 2644 taedet
742 2595 807 2644 et
834 2590 899 2644 in
927 2596 1149 2664 gentes
1178 2590 1405 2644 iterum
1434 2591 1668 2645 saevire
1697 2587 1989 2666 sepultas,

492 2683 719 2743 damna
752 2688 951 2743 minus
985 2694 1285 2744 consueta
1317 2704 1532 2756 move3
1578 2695 1746 2744 trans
1782 2706 2048 2765 aequora
2081 2707 2298 2747 saevas

493 2791 665 2841 verte
693 2781 859 2843 faces
885 2802 901 2852 ;
951 2783 1081 2842 aliis
1110 2783 1362 2842 exordia
1388 2803 1560 2842 sume
1588 2788 1833 2862 rapinis.
2197 2796 2298 2845 150

492 2901 615 2940 non
641 2882 756 2939 tibi
784 2880 1073 2959 Riphaeis
1100 2880 1292 2940 hostis
1321 2882 1707 2959 quaerendus
1736 2884 1814 2941 ab
1841 2887 1981 2953 oriS,

491 3000 614 3039 non
639 2999 752 3057 per
780 2979 1101 3037 Caucasias
1130 2983 1325 3038 accito
1353 2981 1599 3038 turbine
1626 2980 1812 3039 valles

491 3086 589 3136 est
616 3098 788 3156 opus·
869 3076 1260 3156 Ostrogothis
1295 3078 1512 3136 colitur
1544 3083 1875 3158 mixtisque
1912 3081 2297 3161 Gruthungis

490 3174 697 3256 Phryx
726 3197 875 3256 ager
902 3197 916 3237 :
965 3176 1074 3239 hos
1101 3196 1328 3262 parvae
1354 3186 1651 3257 poterunt
1675 3179 1991 3259 impellere
2018 3201 2242 3241 causae

491 3289 605 3350 194
