2511 3938
1151 333 1598 392 CLAUDIAN

475 508 599 545 non
624 490 808 548 radiis
834 491 1122 549 redimita
1148 512 1408 562 comam,
1435 513 1558 550 non
1585 491 1872 551 flammea
1897 491 2071 551 vultu

477 606 590 645 nec
618 608 898 646 croceum
925 593 1152 648 vestita
1178 590 1345 648 diem
1372 609 1387 660 ;
1435 599 1564 649 stat
1589 590 1775 649 livida
1800 590 1992 661 luctu,

477 681 687 759 qualis-
700 692 834 742 erat
865 683 1132 763 Phrygio
1160 693 1407 763 tegeret
1433 705 1573 743 cum
1603 684 1942 743 Memnona
1967 685 2171 744 busto.

478 797 664 854 quam
693 778 872 836 simul
902 782 1153 857 agnovit
1181 778 1433 837 Stilicho
1463 799 1577 838 nec
1606 800 1790 838 causa
1818 778 2079 848 latebat,
2177 786 2277 834 531

476 875 708 930 restitit
733 892 749 943 ;
797 872 900 931 illa
925 895 1178 932 manum
1204 878 1517 933 victricem
1545 873 1831 952 amplexa
1856 882 2132 933 moratur

478 965 728 1045 altaque
754 972 857 1027 vix
883 968 1203 1027 lacrimans
1229 973 1393 1027 inter
1420 972 1676 1047 suspiria
1702 968 1870 1027 fatur
1896 989 1911 1028 ε

556 1071 593 1097 “
613 1062 894 1121 Tantane
921 1072 987 1122 te
1015 1068 1207 1122 nostri
1233 1062 1534 1142 ceperunt
1559 1065 1771 1123 taedia
1795 1064 2053 1122 mundi?

478 1160 563 1214 sic
588 1177 689 1215 me
716 1156 1045 1216 ludibrium
1071 1157 1314 1216 famulis
1340 1162 1651 1237 risumque
1677 1158 1967 1237 relinquis
2179 1165 2282 1214 535

479 1250 605 1309 dux
633 1253 943 1330 quondam
968 1262 1293 1331 rectorque
1320 1273 1494 1311 meus
1521 1255 1544 1312 ?
1594 1253 1907 1332 solamque
1936 1254 2128 1311 tueris

481 1345 845 1423 Hesperiam
871 1348 894 1405 ?
944 1347 1161 1406 domiti
1187 1367 1302 1406 nec
1329 1356 1394 1406 te
1421 1356 1563 1426 post
1589 1347 1751 1406 bella
1776 1350 2024 1427 tyranni

478 1459 727 1499 cernere
755 1445 879 1499 iam
904 1441 1075 1500 licuit
1101 1443 1124 1500 ?
1204 1446 1290 1500 sic
1316 1451 1382 1501 te
1410 1446 1663 1501 victoria
1688 1444 1861 1501 nobis

480 1538 706 1612 eripuit
733 1535 1046 1615 Gallisque
1074 1537 1248 1595 dedit
1275 1538 1298 1594 ?
1380 1537 1633 1595 Rufinus
1661 1541 1831 1615 origo

477 1633 675 1707 prima
701 1626 846 1688 'mali
872 1651 886 1689 t
934 1635 1211 1709 geminas
1237 1635 1402 1689 inter
1428 1632 1727 1690 discordia
1751 1641 1959 1709 partes
2178 1639 2282 1688 540

477 1723 593 1782 hoc
620 1733 869 1783 auctore
895 1724 1035 1784 fuit.
1115 1726 1226 1784 sed
1251 1729 1376 1783 iam
1402 1730 1633 1785 maiora
1658 1729 1930 1784 moventi

478 1821 740 1877 occurrit
765 1822 928 1877 iusta
953 1820 1197 1878 rediens
1226 1823 1531 1878 exercitus
1559 1823 1669 1890 ira,

478 1911 653 1972 fortis
681 1912 880 1972 adhuc
905 1912 1174 1992 ferrique
1201 1934 1457 1973 memor.
1536 1913 1736 1973 brevis
1762 1913 1907 1973 inde
1935 1912 2160 1972 reluxit

477 2007 755 2087 falsaque
782 2007 1034 2068 libertas
1060 2029 1077 2080 ;
1125 2031 1364 2068 rursum
1391 2008 1735 2068 Stilichonis
1763 2009 2016 2067 habenis
2072 2009 2077 2014 ’

478 2105 802 2181 sperabam
829 2124 929 2162 me
955 2125 1135 2181 posse
1163 2109 1315 2183 regi.
1393 2125 1504 2183 pro
1531 2124 1715 2163 caeca
1739 2103 1934 2161 futuri
2180 2111 2281 2160 545

478 2198 704 2276 gaudia
732 2199 744 2256 !
824 2198 1097 2257 fraterno
1124 2202 1412 2277 coniungi
1438 2207 1729 2277 coeperat
1755 2200 1915 2257 orbis
1948 2247 1952 2251 .

478 2296 735 2370 imperio
764 2294 923 2371 (quis
953 2297 1116 2351 enim
1143 2301 1322 2352 tanto
1349 2302 1583 2352 terrore
1610 2297 1875 2351 recentis

482 2387 749 2465 exempli
774 2389 1022 2465 paribus
1051 2407 1184 2446 sese
1212 2391 1632 2446 committeret
1658 2391 1818 2445 ausis
1845 2387 1917 2465 ?),

479 2503 620 2540 cum
647 2483 850 2539 subito
879 2483 1244 2560 (monstrosa
1270 2481 1420 2539 mihi
1446 2485 1764 2559 turpisque
1791 2480 1990 2539 relatu

478 2576 711 2655 fabula)
742 2576 944 2633 Rufini
972 2584 1273 2655 castratus
1299 2574 1536 2652 prosilit
1563 2574 1761 2644 hereS,
2180 2583 2282 2632 550

480 2682 547 2731 et
574 2670 797 2730 similes
823 2675 1049 2729 iterum
1075 2670 1274 2730 luctus
1303 2671 1575 2728 Fortuna
1599 2669 1868 2740 reduxit,

479 2777 551 2826 u't
578 2766 774 2826 solum
800 2766 1030 2824 domini
1058 2786 1275 2824 sexum
1299 2773 1573 2823 ,mutasse
1600 2764 1861 2823 viderer.

557 2871 592 2897 “
622 2860 738 2919 Hic
763 2863 1029 2938 primum
1055 2859 1311 2918 thalami
1337 2859 1614 2917 claustris
1641 2857 1868 2917 delicta
1895 2859 2155 2936 tegebat

477 2955 635 3014 clam
660 2954 1002 3031 timideque
1029 2955 1246 3011 iubens
1274 2972 1289 3023 ;
1339 2961 1474 3011 erat
1499 2953 1793 3011 invidiosa
1818 2960 2117 3030 potestaS‚

478 3049 588 3108 sed
614 3057 828 3107 tamen
856 3048 1139 3119 eunuchi,
1166 3048 1431 3106 necdum
1459 3048 1573 3104 sibi
1597 3045 1844 3123 publica
1868 3049 2002 3104 iura
2182 3055 2285 3103 555

1061 3180 1081 3211 ²
1109 3181 1202 3231 ate.
1227 3180 1348 3230 that
1370 3177 1432 3229 of
1454 3177 1703 3228 Rufinus,

479 3269 596 3319 224·
