2511 3938
1185 321 1631 381 CLAUDIAN

585 479 745 537 Hinc
802 479 994 539 honor
1051 480 1392 558 Eutropi03
1470 500 1734 558 cumque
1792 481 2073 539 omnibus
2131 483 2310 538 unica

737 582 929 636 virtus

508 685 672 735 esset
697 679 764 734 in
791 676 1082 736 eunuchis
1109 677 1412 735 thalamos
1440 687 1682 735 servare
1707 678 1981 755 pudicOS,

507 774 668 834 solus
696 775 1011 836 adulteriis
1039 780 1250 834 crevit.
1331 797 1445 834 nec
1472 777 1729 834 verbera
1755 785 1933 855 tergo
2213 786 2309 835 100

506 894 821 933 cessavere
850 884 1083 945 tamen,
1112 878 1397 953 quotiens
1426 875 1692 952 decepta
1718 875 1907 935 libido

503 978 646 1032 irati
674 973 961 1032 caluisset
992 977 1099 1043 eri,
1128 972 1479 1052 frustraque
1508 983 1834 1052 rogantem

501 1075 963 1151 iactantemque
991 1092 1129 1131 suos
1157 1080 1255 1131 tot
1280 1076 1404 1130 iam
1428 1092 1541 1150 per
1566 1073 1758 1131 lustra
1785 1072 2022 1131 labores

504 1171 776 1230 dotalem
804 1191 1034 1250 genero
1061 1175 1551 1249 nutritoremque
1579 1171 1822 1249 puellae

503 1270 780 1330 tradidit.
859 1270 1024 1329 Eous
1051 1278 1252 1328 rector
1279 1270 1610 1349 consulque
1639 1269 1880 1329 futurus
2210 1280 2308 1328 105

502 1370 798 1446 pectebat
825 1369 1109 1427 dominae
1137 1373 1334 1427 crines
1364 1378 1429 1427 et
1457 1389 1644 1447 saepe
1669 1368 1900 1427 lavanti

502 1467 701 1526 nudus
728 1471 793 1525 in
820 1476 1079 1546 argento
1105 1467 1422 1546 lympham
1449 1469 1741 1546 gestabat
1768 1468 2071 1526 alumnae.

504 1576 569 1627 et
596 1587 736 1625 cum
764 1586 829 1624 se
856 1568 1070 1645 rapido
1095 1565 1323 1624 fessam
1349 1570 1693 1644 proiecerat
1721 1576 1918 1637 aestu,

500 1669 791 1743 patricius
819 1669 1006 1724 roseis
1032 1685 1342 1743 pavonum
1369 1664 1630 1724 ventilat
1658 1664 1786 1723 alis,

582 1765 838 1843 Iamque
869 1784 1019 1821 aevo
1048 1763 1258 1821 laxata
1286 1767 1464 1833 cutiS,
1494 1764 1795 1841 sulcisque
1824 1785 2121 1843 genarum
2210 1775 2310 1825 110

503 1872 816 1921 corruerat
841 1883 1021 1941 passa
1047 1861 1234 1919 facies
1262 1866 1537 1940 rugosior
1564 1883 1682 1920 uva
1710 1884 1723 1921 :

503 1961 662 2020 flava
687 1965 886 2019 minus
913 1981 1123 2039 presso
1151 1960 1469 2019 finduntur
1494 1982 1741 2020 vomere
1768 1984 1929 2033 rura,

503 2081 618 2120 nec
645 2069 831 2120 vento
860 2065 943 2119 sic
970 2061 1106 2119 vela
1132 2069 1431 2119 tremunt.
1510 2062 1854 2120 miserabile
1884 2072 2095 2141 turpes

505 2161 771 2218 exedere
799 2169 987 2237 caput
1012 2163 1221 2217 tineae
1248 2178 1265 2228 ;
1314 2160 1562 2218 deserta
1586 2161 1890 2237 patebant

501 2260 823 2320 intervalla
851 2280 1062 2320 comae
1092 2281 1105 2318 ε
1155 2260 1351 2338 qualis
1379 2261 1727 2319 sitientibus
1756 2265 1912 2319 arvis
2211 2272 2313 2320 115

503 2361 675 2418 arida
699 2363 943 2417 ieiunae
971 2379 1148 2437 seges
1175 2359 1507 2417 interlucet
1534 2362 1758 2417 aristae

502 2459 601 2517 vel
628 2458 822 2536 qualis
850 2457 1067 2536 gelidis
1093 2457 1305 2535 pluma
1330 2457 1581 2516 labente
1608 2461 1838 2535 pruinis

504 2559 732 2616 arboris
758 2560 1080 2616 inmoritur
1107 2565 1323 2614 trunco
1350 2555 1639 2614 brumalis
1667 2556 1946 2615 hirundo.

502 2656 733 2715 scilicet
760 2664 832 2714 ut
858 2657 1087 2714 trabeis
1114 2659 1334 2713 iniuria
1360 2664 1664 2713 cresceret
1691 2655 1855 2725 olim,

501 2754 610 2814 has
637 2759 701 2812 in
728 2753 931 2814 fronte
959 2763 1157 2824 notaS,
1186 2754 1301 2813 hoc
1329 2755 1596 2812 dedecus
1626 2755 1864 2813 addidit
1891 2759 2008 2813 oris
2209 2766 2313 2815 120

500 2854 778 2912 luxuriae
808 2854 1078 2912 Fortuna
1105 2872 1253 2911 suae
1283 2874 1295 2911 :
1344 2874 1484 2911 cum
1510 2852 1738 2931 pallida
1765 2855 1943 2912 nudis

501 2955 734 3011 ossibus
762 2952 1072 3011 horrorem
1100 2953 1359 3010 dominis
1386 2953 1717 3030 praeberet
1742 2956 1947 3031 imago

500 3050 744 3110 decolor
771 3059 837 3109 et
863 3055 1087 3108 macies
1116 3071 1368 3109 occursu
1394 3051 1672 3109 laederet
1699 3071 1932 3122 omnes,

507 3246 617 3305 146
