2511 3938
1147 314 1597 374 CLAUDIAN

473 499 588 539 nec
614 481 806 538 tantis
833 497 1024 535 unum
1051 476 1385 534 subsistere
1411 494 1591 553 posse
1616 476 1857 553 periclis
1884 494 1899 544 ;

470 565 794 640 ignoscant
820 562 1010 628 seni0,
1035 562 1289 616 iuvenes
1318 556 1398 615 ad
1422 556 1654 634 proelia
1679 560 1936 616 mittant
1958 578 2052 615 :—

474 642 668 722 qualis
694 642 1066 720 pauperibus
1093 642 1303 697 nutrix
1328 642 1522 697 invisa
1546 637 1765 716 puellis
2177 647 2281 697 370

476 724 718 783 adsidet
747 732 813 782 et
839 721 967 782 tela
992 740 1382 781 communem
1410 739 1706 798 quaerere
1733 724 1964 780 victum
2022 736 2026 742 ·

464 827 658 870 rauca
683 813 897 864 monet
922 823 938 875 ;
985 802 1161 862 festis
1186 802 1329 861 illa’e
1355 802 1568 860 lusisse
1596 802 1812 861 diebus

476 896 655 946 orant
683 896 749 946 et
774 888 988 965 positis
1017 896 1362 963 aequaevas
1388 887 1585 942 visere
1610 888 1838 960 pensiS‚

473 974 794 1047 irataeque
822 970 993 1046 operi
1017 970 1142 1025 iam
1168 965 1326 1024 lasso
1351 964 1569 1044 pollice
1597 965 1699 1023 fila

477 1052 735 1109 turbant
763 1058 829 1109 et
855 1059 1101 1108 teneros
1128 1048 1462 1126 detergent
1489 1051 1752 1106 stamine
1779 1046 1983 1106 fletus,
2178 1056 2281 1104 375

552 1133 795 1191 Emicat
822 1131 1136 1208 extemplo
1163 1133 1398 1189 cunctis
1425 1129 1877 1207 trepidantibus
1906 1129 2109 1188 audax

477 1234 678 1273 crassa
704 1213 864 1272 mole
895 1213 1044 1282 Leo,
1072 1230 1261 1290 quem
1286 1214 1388 1269 vix
1417 1210 1706 1289 Cyclopia
1732 1210 1928 1270 solum

478 1303 821 1374 aequatura
845 1293 1062 1364 fames,
1091 1313 1277 1372 quem
1304 1313 1428 1351 non
1452 1296 1659 1351 ieiuna
1687 1292 1953 1352 Celaeno

476 1382 752 1436 vinceret
777 1396 794 1445 3
841 1376 982 1435 hinc
1008 1395 1235 1434 nomen
1260 1373 1459 1433 fertur
1484 1378 1777 1433 meruisse
1807 1375 2050 1434 Leonis.

479 1478 619 1518 acer
644 1462 708 1516 in
736 1460 1023 1517 absentes
1049 1457 1298 1535 linguae
1324 1460 1606 1525 iactator,
1634 1457 1953 1516 abundans
2179 1463 2282 1512 380

479 1543 743 1618 corporis
774 1543 1156 1618 exiguusque
1186 1542 1394 1607 animi,
1423 1538 1806 1597 doctissimus
1836 1542 1982 1597 artis

480 1622 791 1700 quondam
819 1620 1118 1690 lanificae,
1147 1620 1499 1679 moderator
1526 1623 1787 1696 pectinis
1818 1623 1976 1678 unci.

479 1724 601 1762 non
630 1702 781 1761 alius
807 1701 1011 1761 lanam
1037 1705 1316 1780 purgatis
1344 1701 1621 1760 sordibus
1650 1721 1847 1780 aeque

477 1787 834 1864 praebuerit
860 1783 1136 1852 calathis,
1164 1783 1372 1841 similis
1400 1802 1514 1840 nec
1540 1785 1792 1861 pinguia
1820 1786 2143 1861 quisquam

477 1866 704 1924 vellera
729 1885 841 1943 per
868 1873 1088 1923 tenues
1113 1863 1261 1922 ferri
1286 1864 1623 1941 producere
1650 1869 1853 1922 rimaS.
2181 1871 2283 1921 385

477 1955 626 2008 tunc
654 1947 815 2006 Aiax
844 1955 978 2005 erat
1004 1946 1286 2025 Eutropii
1313 1944 1563 2024 lateque
1590 1944 1919 2017 fremebat,

476 2051 599 2089 non
626 2037 869 2107 septem
894 2036 1067 2087 vasto
1096 2032 1381 2107 quatiens
1409 2030 1676 2087 umbone
1702 2032 2010 2098 iuvencOS,

478 2112 608 2181 sed,
635 2131 823 2190 quam
848 2113 1164 2188 perpetuis
1191 2110 1452 2187 dapibus
1477 2113 1777 2188 pigroque
1804 2110 1978 2169 sedili

473 2197 639 2252 inter
666 2213 817 2251 anus
843 2196 1129 2270 interque
1157 2191 1319 2250 colos
1346 2199 1730 2260 oneraverat,
1758 2191 1981 2249 alvum.

477 2276 755 2353 adsurgit
780 2274 1036 2333 tandem
1070 2292 1407 2350 vocemque
1444 2276 1751 2351 expromit
1783 2271 2068 2330 anhelam
2097 2293 2111 2330 t
2182 2281 2284 2329 390

554 2366 592 2393 “
614 2356 764 2430 Quis
814 2376 1004 2414 novus
1060 2355 1158 2414 hic
1206 2364 1437 2432 torpor,
1491 2358 1637 2412 socii
1663 2355 1686 2412 ?
1764 2374 2032 2432 quonam
2087 2374 2283 2432 usque

707 2437 991 2496 sedemus

477 2518 758 2578 femineis
785 2519 972 2577 clausi
999 2518 1285 2576 thalamis
1310 2520 1704 2595 patimurque
1729 2517 2027 2595 periclum

477 2601 733 2681 gliscere
761 2600 995 2660 desidia
1021 2601 1044 2657 ?
1123 2603 1471 2680 graviorum
1498 2601 1681 2658 turba
1707 2597 2006 2657 malorum

480 2686 735 2752 texitur,
761 2685 997 2760 ignavis
1024 2681 1324 2740 trahimus
1352 2682 1501 2739 dum
1527 2689 1809 2758 tempora
1835 2684 2013 2739 votis·

480 2784 581 2824 me
608 2767 771 2841 petit
797 2763 895 2821 hic
923 2763 1125 2822 sudor.
1205 2783 1544 2841 numquam
1572 2782 1712 2821 mea
1740 2762 2002 2822 dextera
2029 2765 2233 2841 segnis

483 2846 563 2905 ad
587 2844 840 2904 ferrum.
918 2843 1128 2902 faveat
1155 2852 1402 2903 tantum
1429 2844 1706 2903 Tritonia
1731 2847 1987 2922 coeptis,
2188 2852 2288 2901 396

550 2957 570 2988 ¹
607 2956 810 3008 Gainas
844 2955 954 3006 and
992 2955 1102 3007 Leo
1137 2972 1275 3006 were
1309 2959 1427 3006 sent
1461 2954 1538 3019 by
1573 2955 1867 3020 Eutropius
1900 2959 1958 3006 to
1993 2961 2093 3020 put
2128 2954 2286 3006 down

480 3023 573 3075 the
610 3021 776 3073 revolt
814 3021 875 3072 of
907 3021 1230 3086 Tarbigilus.
1303 3020 1524 3080 GainaS,
1565 3020 1826 3081 however,
1867 3037 2027 3072 never
2064 3019 2161 3071 left
2196 3021 2289 3072 the

484 3088 800 3153 Hellespont
831 3086 940 3137 and
976 3087 1104 3147 Leo,
1131 3086 1438 3150 advancing
1470 3089 1583 3136 into
1613 3085 1953 3151 Pamphylia,
1985 3087 2135 3137 there
2164 3091 2290 3145 met,

484 3154 594 3205 and
627 3170 736 3204 was
777 3152 1023 3204 defeated
1064 3152 1158 3217 by,
1190 3152 1495 3216 Tarbigilus
1537 3151 1757 3216 (Zosim.
1802 3170 1853 3203 v.
1902 3155 1981 3203 16.
2029 3151 2101 3215 5).
2193 3151 2292 3203 We

484 3220 676 3284 gather
696 3220 836 3270 from
862 3218 1126 3269 Claudian
1148 3219 1268 3269 that
1291 3218 1358 3268 he
1381 3217 1490 3268 had
1513 3234 1647 3269 once
1669 3218 1805 3269 been
1828 3235 1863 3269 a
1885 3234 2107 3269 weaver.

488 3307 604 3358 212
