2511 3938
1133 329 1583 391 CLAUDIAN

455 495 724 569 impetus
752 510 767 561 ;
817 491 1129 569 adripiunt
1154 510 1342 548 naves
1368 493 1608 568 ipsique
1636 488 1933 547 rudentes
2164 496 2265 544 480

458 580 800 657 expediunt
827 589 893 637 et
919 579 1055 637 vela
1080 579 1301 657 legunt
1329 587 1395 636 et
1421 598 1648 636 cornua
1675 580 1925 635 summis

459 669 775 727 adsociant
801 668 975 726 malis
1002 687 1018 737 ;
1067 670 1346 746 quatitur
1371 667 1689 745 Tyrrhena
1715 665 1988 724 tumultu

459 777 565 815 ora
593 777 706 816 nec
734 757 1013 835 Alpheae
1041 761 1295 835 capiunt
1321 755 1561 814 navalia
1589 755 1765 813 Pisae
1795 776 1809 813 τ

458 850 543 904 sic
571 846 1124 924 Agamemnoniam
1150 846 1377 903 vindex
1405 864 1544 902 cum
1573 844 1831 902 Graecia
1858 842 2113 900 classem

458 935 744 1005 solveret,
770 938 1104 993 innumeris
1130 933 1415 993 fervebat
1441 934 1687 992 vocibus
1717 932 1909 991 Aulis
2166 939 2268 987 485

460 1044 583 1082 non
610 1023 742 1082 illos
770 1028 1067 1102 strepitus
1094 1024 1635 1101 impendentisque
1662 1021 1967 1099 procellae

460 1116 635 1190 signa
661 1132 776 1171 nec
804 1112 1104 1171 adventus
1132 1112 1303 1171 dubii
1330 1111 1635 1170 deterruit
1662 1111 1894 1168 Austri.

462 1210 499 1237 ‘⁶
527 1200 735 1258 vellite
765 1199 800 1220 ’⁹
825 1200 1208 1278 proclamant
1236 1209 1274 1236 “
1301 1203 1467 1269 socii,
1493 1203 1618 1257 iam
1645 1198 1854 1273 vellite
1880 1197 2117 1257 funem.

462 1309 575 1367 per
600 1290 759 1349 vada
787 1290 1113 1349 Gildonem
1141 1293 1418 1368 quamvis
1447 1289 1702 1348 adversa
1729 1296 2036 1366 petamus·

464 1377 544 1436 ad
570 1377 800 1437 bellum
827 1399 937 1437 nos
964 1378 1178 1437 trudat
1204 1378 1400 1436 hiems
1426 1397 1539 1455 per
1565 1377 1746 1436 devia
1770 1380 1966 1455 ponti.
2167 1384 2269 1433 490

464 1472 765 1544 quassatis
793 1472 972 1546 cupio
1000 1467 1287 1527 tellurem
1313 1467 1504 1546 figere
1531 1472 1763 1527 rostris·

463 1554 586 1613 heu
613 1559 870 1614 nimium
896 1576 1137 1635 segnes,
1166 1565 1350 1615 cauta
1378 1560 1483 1635 qui
1510 1565 1722 1614 mente
1750 1558 2001 1625 notatiS‚

465 1648 515 1700 si
542 1645 822 1703 revolant
847 1649 1065 1723 mergi,
1092 1645 1373 1723 graditur
1399 1648 1448 1702 si
1474 1644 1655 1703 litore
1683 1648 1913 1703 cornix.

465 1754 572 1792 ora
596 1734 743 1792 licet
769 1733 1019 1792 maculis
1048 1735 1422 1812 adsperserit
1448 1734 1733 1793 occiduus
1761 1733 1850 1792 sol

467 1825 733 1902 lunaque
761 1827 1072 1901 conceptis
1098 1823 1352 1882 livescat
1379 1826 1627 1902 turgida
1655 1825 1866 1882 Cauris
2169 1832 2272 1880 495

466 1922 533 1973 et
560 1922 817 1973 contusa
843 1906 1029 1993 vagos
1056 1913 1401 1973 iaculentur
1428 1915 1628 1973 sidera
1655 1918 1851 1974 crines
1879 1933 1893 1985 ;

465 2004 760 2062 imbribus
790 2013 1110 2063 umescant
1141 2004 1345 2063 Haedi
1374 2006 1775 2083 nimbosaque
1806 2004 2074 2062 Taurum

466 2093 653 2152 ducat
680 2093 852 2173 Hyas
879 2103 1173 2173 totusque
1199 2092 1375 2152 fretis
1403 2094 1742 2153 descendat
1769 2094 1961 2153 Orion
1988 2114 2003 2151 ε

464 2192 636 2242 certa
663 2183 814 2242 fides
842 2183 1016 2255 caeli,
1043 2185 1154 2242 sed
1180 2188 1373 2242 maior
1400 2184 1706 2242 Honorius
1735 2192 1949 2242 auctor
1973 2202 1989 2252 ;

463 2272 623 2332 illius
652 2277 932 2351 auspiciis
959 2277 1237 2331 inmensa
1263 2293 1376 2351 per
1403 2293 1672 2351 aequora
1697 2272 1892 2343 mileS,
2171 2281 2274 2330 500

465 2362 909 2440 non‚Plaustris
937 2364 1204 2422 Arctove
1230 2382 1432 2441 regor.
1511 2372 1839 2421 contemne
1866 2362 2129 2432 Booten,

466 2455 696 2520 navita,
724 2452 1068 2509 turbinibus
1095 2451 1313 2509 mediis
1338 2454 1632 2528 permitte
1660 2454 1916 2509 carinas.

468 2543 518 2598 si
544 2540 693 2598 mihi
719 2549 1058 2618 tempestas
1089 2540 1351 2619 Libyam
1378 2544 1672 2619 ventique
1700 2541 2044 2619 negabunt,

470 2630 738 2708 Augusti
766 2631 1037 2689 Fortuna
1064 2629 1304 2689 dabit.”

1351 2719 1484 2777 Iam
1510 2718 1712 2777 classis
1738 2722 1803 2775 in
1830 2717 2022 2777 altum

470 2808 826 2886 provehitur
853 2828 867 2878 ;
916 2808 1139 2868 dextra
1167 2808 1447 2886 Ligures,
1475 2810 1723 2867 Etruria
1748 2808 1924 2866 laeva
2173 2818 2278 2867 505

472 2898 765 2976 linquitur
795 2907 861 2956 et
889 2901 1083 2957 caecis
1113 2902 1344 2956 vitatur
1375 2899 1617 2957 Corsica
1646 2902 1828 2956 saxiS.

470 2986 777 3045 humanae
805 2991 1007 3065 specie
1034 2987 1287 3065 plantae
1315 3007 1381 3045 se
1409 3008 1636 3065 magna
1662 2987 1888 3066 figurat

468 3078 668 3136 insula
696 3076 1061 3156 (Sardiniam
1089 3087 1332 3136 veteres
1361 3079 1572 3137 dixere
1600 3078 1843 3157 coloni),

472 3168 643 3226 dives
670 3187 818 3245 ager
843 3166 1112 3245 frugum,
1142 3166 1380 3226 Poenos
1410 3167 1676 3226 Italosve
1703 3170 1948 3246 petenti

480 3269 591 3319 134·
