2511 3938
1138 329 1585 389 CLAUDIAN

463 492 777 552 eunuchus
803 491 826 549 ?
877 510 1037 568 quae
1063 489 1227 548 bella
1252 489 1399 548 tulit
1424 490 1448 547 ?
1498 509 1649 567 quas
1676 489 1952 548 condidit
1978 489 2160 549 urbes
2184 491 2208 549 ?

459 586 591 646 illas
617 593 945 664 praeterea
970 605 1175 643 rerum
1201 592 1425 643 natura
1450 588 1702 654 creavit,

460 679 570 739 hos
596 679 801 738 fecere
829 700 1045 737 manus
1075 700 1087 738 :
1136 699 1246 737 seu
1272 682 1472 757 prima
1498 678 1847 737 Semiramis
1875 688 2014 738 astu

459 776 723 854 Assyriis
751 777 1015 832 mentita
1040 777 1260 843 virum,
1287 793 1366 831 ne
1394 776 1555 832 vocis
1584 781 1804 832 acutae
2164 782 2268 831 340

459 868 744 928 mollities
769 867 1012 926 levesve
1039 887 1239 947 genae
1267 887 1335 926 se
1360 868 1622 945 prodere
1647 876 1920 945 possent,
2195 859 2211 871 ’

457 962 567 1022 hos
594 964 709 1021 sibi
735 966 1052 1021 coniunxit
1079 961 1306 1020 similes
1332 981 1349 1032 ;
1396 982 1507 1020 seu
1535 961 1822 1021 Parthica
1846 961 2010 1022 ferro

456 1057 725 1115 luxuries
752 1060 953 1115 vetuit
979 1060 1146 1114 nasci
1171 1055 1476 1134 lanuginis
1504 1057 1785 1115 umbram

456 1159 821 1228 servatoque
849 1150 956 1209 diu
981 1150 1201 1228 puerili
1227 1149 1376 1208 flore
1404 1154 1611 1229 coegit

455 1253 589 1305 arte
617 1245 998 1304 retardatam
1024 1244 1250 1303 Veneri
1278 1248 1503 1302 servire
1529 1249 1866 1305 iuventam.
2164 1255 2267 1304 345

533 1341 724 1398 Fama
748 1342 916 1417 prius
942 1338 1097 1398 falso
1124 1339 1334 1398 similis
1361 1360 1642 1418 vanoque
1670 1342 1862 1401 videri

457 1434 602 1492 ficta
626 1438 761 1492 ioco
787 1452 802 1503 ;
851 1433 1040 1492 levior
1066 1433 1323 1492 volitare
1350 1454 1463 1512 per
1489 1436 1716 1514 oppida
1741 1458 1948 1496 rumor

452 1529 763 1606 riderique
790 1527 964 1587 nefas
994 1549 1008 1587 :
1056 1527 1249 1588 veluti
1275 1531 1660 1607 nigrantibus
1689 1531 1797 1590 alis

455 1622 772 1682 audiretur
798 1621 946 1692 olor,
973 1642 1153 1680 corvo
1179 1631 1463 1682 certante
1490 1623 1780 1703 ligustris,

455 1726 645 1794 atque
673 1716 889 1794 aliquis
910 1720 1152 1794 gravior
1171 1736 1449 1776 morum:
1493 1728 1530 1754 “
1554 1723 1605 1777 si
1626 1720 1874 1791 talibuS,
1900 1725 2123 1799 inquit,
2161 1730 2265 1780 350

454 1811 726 1870 creditur
753 1818 820 1869 et
845 1813 1045 1867 nimiis
1073 1818 1331 1889 turgent
1356 1813 1679 1872 mendacia
1704 1820 2011 1883 monstris,

451 1908 577 1964 iam
604 1905 854 1964 testudo
882 1902 1069 1974 volat,
1094 1903 1332 1983 profert
1357 1909 1482 1964 iam
1508 1927 1735 1967 cornua
1761 1909 1966 1969 vultur
1992 1930 2007 1982 ;

452 2021 646 2079 prona
671 2008 899 2077 petunt
924 2008 1091 2058 retro
1118 1999 1286 2058 fluvii
1311 2004 1457 2081 iuga
1483 2021 1500 2072 3
1550 2003 1824 2064 Gadibus
1853 2015 2056 2065 ortum

454 2094 740 2153 Carmani
768 2102 985 2152 texere
1012 2093 1179 2152 diem
1204 2113 1221 2164 ;
1269 2098 1394 2153 iam
1420 2095 1697 2175 frugibus
1725 2108 1942 2177 aptum

453 2209 685 2268 aequor
713 2198 780 2247 et
806 2189 1135 2248 adsuetum
1162 2188 1324 2248 silvis
1353 2191 1643 2269 delphina
1669 2194 1892 2254 videbo
1917 2215 1934 2266 ;
2159 2207 2266 2257 355

344 2294 351 2300 '
451 2288 576 2343 iam
602 2282 863 2342 cochleis
889 2282 1166 2341 homines
1193 2286 1433 2342 iunctos
1462 2294 1527 2344 et
1555 2288 1854 2366 quidquid
1878 2294 2062 2350 inane

451 2381 649 2438 nutrit
677 2378 939 2437 Iudaicis
967 2396 1127 2454 quae
1152 2380 1430 2456 pingitur
1458 2379 1635 2439 India
1661 2382 1874 2442 velis.”

531 2472 765 2532 Subicit
794 2480 860 2531 et
886 2475 1096 2531 mixtis
1122 2471 1349 2530 salibus
1375 2472 1652 2534 lascivior
1678 2476 1835 2537 alter
1861 2499 1875 2538 ε

454 2577 493 2605 “
518 2569 753 2626 miraris
780 2567 804 2624 ?
853 2565 1003 2624 nihil
1031 2575 1146 2637 est,
1174 2567 1341 2645 quod
1368 2588 1491 2626 non
1516 2572 1581 2627 in
1606 2581 1858 2649 pectore
1885 2596 2177 2655 magnum

452 2665 717 2740 concipit
744 2661 1097 2739 Eutropius·
1164 2680 1410 2740 semper
1435 2685 1613 2736 nova,
1640 2669 1898 2746 grandia
1923 2691 2168 2750 semper

453 2757 655 2834 diligit
683 2763 749 2814 et
775 2753 960 2813 celeri
987 2755 1282 2834 degustat
1310 2758 1549 2836 singula
1574 2780 1778 2820 sensu.
2157 2774 2260 2825 361

454 2850 541 2911 nil
565 2854 750 2910 timet
776 2869 814 2908 a
840 2858 1018 2928 tergo
1044 2868 1061 2919 ;
1109 2848 1505 2928 vigilantibus
1532 2856 1804 2935 undique
1831 2862 1988 2917 curis

453 2953 637 3005 nocte
664 2944 890 3021 dieque
915 2950 1098 3020 patet
1123 2962 1138 3013 3
1186 2942 1341 3003 lenis
1367 2944 1684 3027 facilisque
1710 2957 1943 3011 moveri

452 3038 823 3116 supplicibus
850 3036 1178 3114 mediaque
1206 3046 1420 3096 tamen
1446 3040 1829 3103 mollissimus
1854 3049 1946 3105 ira

452 3132 538 3193 nil
564 3139 757 3211 negat
786 3138 851 3189 et
877 3149 1013 3188 sese
1040 3129 1139 3189 vel
1164 3151 1289 3189 non
1314 3137 1709 3210 poscentibus
1737 3137 1915 3199 offert
1941 3160 1958 3211 3
2156 3153 2263 3206 365

459 3252 573 3312 164
