2511 3938
1222 366 1670 426 CLAUDIAN

543 548 688 588 cura
714 528 827 586 tibi
857 526 869 584 l
943 546 1130 604 quam
1157 527 1281 585 fixa
1306 537 1520 586 manet
1545 533 1891 587 reverentia
1915 539 2166 607 patrum
2194 532 2207 590 Ξ

545 623 822 681 firmatur
852 626 1090 680 senium
1119 625 1266 680 iuris
1295 626 1681 701 priscamque
1710 634 2032 684 resumunt
2251 637 2348 684 505

543 721 834 778 canitiem
865 717 1036 796 leges
1071 717 1603 797 emendanturque
1637 728 1921 777 vetustae

545 813 970 890 acceduntque
1003 831 1219 870 novae.
1300 811 1490 870 talem
1522 832 1768 872 sensere
1801 813 2086 872 Solonem

544 929 642 967 res
678 907 1052 966 Pandioniae
1078 925 1093 976 ;
1148 910 1232 965 sic
1267 910 1641 985 armipotens
1676 907 2105 968 Lacedaemon

545 1003 833 1080 despexit
861 1021 1065 1060 muros
1094 1002 1293 1080 rigido
1323 1005 1563 1060 munita
1595 1002 1898 1081 Lycurgo.

546 1116 707 1177 quae
735 1097 849 1154 sub
876 1104 943 1154 te
970 1094 1068 1154 vel
1094 1116 1279 1154 causa
1304 1097 1505 1154 brevis
1532 1096 1630 1155 vel
1655 1098 1869 1156 iudicis
1898 1118 2063 1157 error
2250 1109 2353 1159 510

548 1191 900 1270 neglegitur
925 1191 948 1248 ?
1003 1190 1203 1249 dubiis
1232 1194 1367 1269 quis
1394 1189 1603 1249 litibus
1631 1192 1861 1250 addere
1888 1192 2075 1251 finem

546 1289 762 1345 iustior
792 1294 859 1344 et
886 1304 1155 1342 mersum
1183 1283 1436 1343 latebris
1469 1286 1731 1344 educere
1761 1306 1973 1345 verum
2000 1288 2024 1346 ?

548 1399 709 1459 quae
737 1382 939 1456 pietas
970 1387 1362 1456 quantusque
1391 1383 1555 1458 rigor
1584 1380 2036 1459 tranquillaque
2065 1387 2282 1462 magni

546 1479 635 1534 vis
666 1478 852 1533 animi
880 1472 1170 1550 nulloque
1198 1472 1348 1531 levis
1378 1482 1611 1532 terrore
1640 1478 1871 1534 moveri

547 1590 662 1629 nec
691 1589 849 1627 nova
876 1571 1083 1626 mirari
1108 1566 1301 1625 facilis
1329 1568 1342 1625 ἔ
1401 1587 1587 1645 quam
1616 1569 1800 1628 docta
1826 1568 2086 1629 facultas
2250 1582 2357 1630 515

546 1667 777 1742 ingenii
802 1661 1174 1740 linguaeque
1201 1662 1419 1720 modus
1446 1662 1460 1719 ἔ
1539 1682 1832 1741 responsa
1857 1673 2148 1724 verentur

545 1759 760 1836 legati,
788 1757 1199 1836 gravibusque
1228 1755 1387 1814 latet
1416 1757 1530 1815 sub
1559 1759 1827 1817 moribus
1858 1769 2051 1818 aetas.

622 1853 906 1926 Quantus
934 1854 999 1908 in
1029 1870 1134 1908 ore
1162 1858 1345 1928 pater
1365 1851 1566 1909 radiat
1593 1852 1605 1909 l
1666 1872 1853 1930 quam
1870 1862 2046 1913 torva
2062 1855 2359 1934 voluptas

544 1947 765 2007 frontis
795 1954 863 2005 et
890 1948 1138 2024 augusti
1166 1948 1458 2005 maiestas
1487 1954 1667 2026 grata
1694 1948 1942 2025 pudoris
1970 1948 1983 2006 ἔ

545 2048 669 2102 iam
695 2045 926 2120 patrias
953 2040 1172 2119 imples
1200 2040 1410 2119 galeas
1436 2059 1452 2111 3
1501 2044 1626 2099 iam
1653 2062 1870 2101 cornus
1900 2032 2066 2102 avita
2252 2056 2361 2105 520

547 2144 894 2215 temptatur
923 2136 1220 2194 vibranda
1249 2135 1365 2193 tibi
1391 2154 1407 2205 ;
1458 2139 1841 2213 promittitur
1868 2141 2086 2217 ingens

546 2234 769 2292 dextra
797 2232 1161 2290 rudimentis
1192 2229 1593 2308 Romanaque
1622 2240 1767 2290 vota
1795 2242 2089 2292 moratur.

535 2330 681 2404 ⁴quis
708 2326 913 2395 decor,
938 2324 1170 2382 incedis
1198 2327 1484 2403 quotiens
1511 2323 1809 2401 clipeatus
1836 2335 1904 2385 et
1930 2347 2077 2385 auro

546 2440 875 2500 squameus
905 2427 971 2477 et
997 2416 1214 2476 rutilus
1241 2421 1439 2477 cristis
1467 2427 1534 2476 et
1560 2420 1795 2478 casside
1822 2425 2015 2479 maior
2041 2421 2054 2479 ἔ

544 2520 651 2586 sic,
678 2536 819 2574 cum
845 2514 1129 2572 Threicia
1152 2516 1420 2591 primum
1447 2513 1699 2572 sudaret
1723 2518 1789 2572 in
1815 2514 2015 2586 hasta,
2255 2529 2369 2577 525

545 2611 800 2669 flumina
825 2608 1110 2667 laverunt
1135 2627 1398 2685 puerum
1427 2606 1786 2686 Rhodopeia
1817 2608 2111 2670 Martem.

544 2723 704 2784 quae
730 2707 888 2761 vires
912 2701 1123 2761 iaculis
1148 2701 1269 2771 vel,
1295 2722 1436 2760 cum
1464 2701 1766 2781 Gortynia
1790 2705 1996 2763 tendis

543 2797 794 2877 spicula,
823 2817 1009 2875 quam
1035 2795 1184 2854 felix
1213 2816 1387 2854 arcus
1415 2799 1691 2875 certique
1718 2801 1952 2875 petitor

543 2893 809 2952 vulneris
840 2900 906 2951 et
932 2894 1164 2950 iussum
1190 2893 1441 2949 mentiri
1466 2895 1706 2951 nescius
1733 2896 1926 2951 ictum
1954 2893 1967 2952 Ξ

546 2992 682 3058 sci8‚
711 3006 833 3066 quo
860 3005 1030 3044 more
1060 2985 1298 3064 Cydon,
1327 3004 1450 3061 qua
1477 2985 1705 3063 dirigat
1733 2995 1868 3046 arte
1896 2992 2159 3067 sagittas
2254 3000 2371 3051 530

1241 3229 1264 3260 1
1296 3228 1381 3279 πλε.
1411 3228 1633 3282 Athens.

551 3317 669 3369 324
