2511 3938
1100 684 1694 744 PANEGYRICUS

587 781 893 841 DICTUS
936 779 1278 840 MANLIO
1318 778 1788 840 THEODORO
1831 778 2197 840 CONSULI

1192 939 1623 994 PRAEFATIO

1290 1088 1509 1167 (XVI.)

501 1241 880 1310 Audebisne,
905 1260 1141 1318 precor,
1168 1247 1385 1298 tantae
1413 1239 1690 1297 subiecta
1716 1247 2021 1310 catervae,

577 1327 740 1381 inter
765 1331 863 1381 tot
886 1341 1190 1400 procereS,
1217 1330 1427 1379 nostra
1452 1320 1687 1390 Thalia,
1712 1320 1879 1399 loqui
1905 1322 1929 1378 ?

502 1424 616 1463 nec
643 1412 710 1464 te
736 1403 904 1462 fama
930 1410 1125 1472 vetat,
1151 1422 1296 1462 vero
1324 1423 1511 1481 quam
1537 1402 1753 1462 celsius
1781 1411 2026 1461 auctam

578 1485 675 1545 vel
701 1504 972 1545 servasse
997 1484 1170 1546 labor
1194 1484 1295 1543 vel
1317 1488 1608 1543 minuisse
1632 1485 1831 1563 pudor
1855 1485 1879 1542 ?

502 1588 582 1625 an
610 1567 725 1626 tibi
754 1570 1056 1625 continuis
1085 1570 1280 1625 crevit
1307 1565 1529 1625 fiducia
1556 1570 1770 1625 castris
2277 1578 2312 1625 5

578 1656 837 1726 totaque
863 1652 989 1706 iam
1015 1652 1171 1706 vatis
1197 1656 1452 1726 pectora
1479 1647 1653 1706 miles
1679 1647 1872 1706 habet
1898 1649 1921 1706 ?

501 1730 766 1788 culmina
793 1728 1053 1788 Romani
1079 1732 1596 1807 maiestatemque
1624 1737 1875 1787 senatus

582 1820 667 1881 et,
695 1812 915 1889 quibus
944 1810 1186 1869 exultat
1214 1810 1435 1880 Gallia,
1461 1830 1643 1869 cerne
1671 1814 1849 1869 viroS.

503 1894 783 1951 omnibus
812 1892 1093 1951 audimur
1119 1896 1298 1950 terris
1324 1891 1660 1971 mundique
1686 1912 1800 1972 per
1825 1912 2001 1950 aures

578 1976 820 2034 ibimus,
900 1974 980 2032 ah
1005 1978 1227 2033 nimius
1254 1974 1514 2033 consulis
1543 1985 1725 2054 urget
1753 1995 1923 2033 amor
1947 1976 1960 2034 !
2247 1986 2314 2035 10

505 2057 804 2136 Iuppiter,
833 2065 905 2115 ut
930 2056 1282 2135 perhibent,
1311 2060 1581 2134 spatium
1608 2077 1747 2115 cum
1775 2057 2007 2116 discere
2035 2056 2228 2116 vellet

579 2147 839 2197 naturae
867 2142 1043 2217 regni
1070 2141 1309 2196 nescius
1336 2142 1468 2216 ipse
1497 2142 1611 2208 sui,

503 2224 837 2299 armigeros
867 2224 1178 2298 utrimque
1209 2220 1362 2278 duos
1393 2219 1750 2298 aequalibus
1781 2220 1891 2278 alis

579 2306 747 2361 misit
772 2302 852 2360 ab
878 2302 1022 2360 Eois
1051 2300 1459 2380 Occiduisque
1484 2301 1702 2380 plagis.

504 2383 805 2443 Parnasus
835 2386 1111 2462 geminos
1140 2381 1339 2442 fertur
1366 2387 1636 2442 iunxisse
1665 2383 1904 2443 volatus
1931 2403 1947 2454 3
2248 2393 2317 2443 15

580 2464 841 2524 contulit
869 2464 1135 2523 alternas
1165 2464 1424 2543 Pythius
1451 2469 1582 2523 axis
1611 2485 1774 2523 aves,

505 2546 795 2625 Princeps
822 2567 947 2605 non
973 2546 1189 2624 aquilis
1217 2555 1413 2605 terras
1441 2566 1807 2625 cognoscere
1834 2555 2009 2606 curat
2034 2566 2050 2616 ;

581 2633 806 2688 certius
835 2632 900 2685 in
928 2628 1098 2686 vobis
1128 2631 1419 2687 aestimat
1446 2632 1792 2706 imperium.

504 2709 619 2769 hoc
648 2730 764 2789 ego
792 2708 1045 2769 concilio
1072 2709 1397 2769 collectum
1424 2714 1647 2769 metior
1673 2712 1886 2769 orbem
1913 2729 1928 2779 ;

580 2792 695 2852 hoc
721 2792 900 2851 video
929 2800 1114 2850 coetu
1141 2792 1443 2870 quidquid
1469 2792 1700 2870 ubique
1726 2796 1934 2850 micat.
2241 2803 2316 2852 20

571 2916 593 2946 ¹
628 2916 730 2967 See
786 2915 1175 2975 Introduction,
1224 2931 1279 2980 p.
1341 2932 1427 2966 xv.
1519 2915 1768 2981 Judging
1812 2915 1953 2966 from
1995 2916 2102 2968 this
2147 2926 2346 2983 poem¹

505 2981 747 3033 Manlius
785 2981 985 3032 started
1024 2982 1101 3046 by
1138 2981 1305 3046 being
1343 2997 1414 3031 an
1454 2982 1739 3032 advocatus
1778 2983 1833 3032 in
1872 2982 1965 3033 the
2003 2987 2321 3047 praetorian

501 3046 749 3113 prefect’s
778 3052 948 3106 court,
979 3063 1089 3097 was
1117 3047 1246 3098 then
1274 3063 1487 3111 praeses
1518 3046 1580 3097 of
1603 3063 1752 3098 some
1780 3047 1988 3099 district
2015 3051 2071 3099 in
2101 3048 2322 3111 Africa,

501 3114 630 3164 then
668 3129 933 3178 governor
969 3112 1311 3176 (consularis)
1350 3112 1413 3163 of
1449 3111 1789 3172 Macedonia,
1823 3118 1951 3165 next
1984 3114 2213 3166 recalled
2257 3121 2322 3168 to

505 3179 678 3230 Rome
740 3195 801 3229 as
865 3177 1138 3230 Gratian's
1199 3179 1454 3242 mayister
1515 3179 1888 3244 epistularum,
1950 3180 2080 3231 then
2143 3197 2322 3234 comes

505 3256 623 3316 336
