2511 3938
1167 365 1615 424 CLAUDIAN

489 533 817 584 cunctatur
842 546 984 583 mea
1012 534 1158 584 vota
1187 545 1360 584 socer
1384 526 1408 584 ?
1493 527 1642 604 quid
1669 530 1926 606 iungere
1957 526 2182 599 differt,

493 645 679 703 quam
705 628 968 703 pepigit,
996 633 1322 703 castasque
1349 644 1564 703 preces
1590 624 1848 703 implere
1876 636 2121 686 recusat
2145 627 2169 685 ?

493 744 617 782 non
645 743 762 802 ego
788 723 1093 782 luxuriem
1119 743 1338 802 regum
1366 744 1724 809 moremque
1753 734 1999 783 secutus

493 826 768 901 quaesivi
793 821 1032 881 vultum
1058 821 1284 881 tabulis
1304 823 1327 859 1
1354 831 1425 881 ut
1451 804 1669 882 nuntia
1693 822 1927 882 formae

493 913 636 979 lena
663 940 777 1000 per
804 925 1155 981 innumeros
1184 925 1307 980 iret
1333 925 1575 1000 pictura
1602 931 1885 1001 penateS,
2239 931 2312 978 25

498 1040 611 1079 nec
639 1024 817 1078 variis
846 1020 1100 1078 dubium
1128 1020 1414 1079 thalamis
1440 1020 1710 1080 lecturus
1730 1021 1754 1058 2
1782 1042 2053 1081 amorem

499 1119 690 1177 ardua
715 1122 989 1177 commisi
1015 1117 1206 1177 falsae
1233 1120 1496 1177 conubia
1522 1138 1720 1178 cerae.

499 1236 621 1274 non
650 1220 822 1293 rapio
850 1235 1146 1293 praeceps
1177 1215 1415 1274 alienae
1445 1215 1699 1275 foedera
1728 1218 1974 1288 taedae,

500 1314 611 1372 sed
637 1333 796 1392 quae
824 1334 1045 1391 sponsa
1071 1314 1220 1372 mihi
1245 1314 1487 1391 pridem
1511 1319 1828 1393 patrisque
1854 1314 2067 1373 relicta
2150 1344 2157 1350 ·

492 1413 808 1485 mandatis
830 1434 952 1471 uno
971 1416 1237 1471 materni
1259 1417 1569 1491 sanguinis
1591 1422 1732 1472 ortu
2249 1421 2318 1469 30

502 1531 890 1570 communem
920 1515 1187 1588 partitur
1219 1532 1421 1569 avum.
1501 1510 1751 1570 fastidia
1780 1511 2038 1589 supplex

505 1611 761 1689 deposui
792 1614 1079 1689 gessique
1109 1631 1364 1688 procum
1392 1630 1407 1680 ;
1460 1611 1538 1669 de
1568 1610 1778 1668 limine
1809 1631 1979 1669 sacro

505 1718 748 1768 oratum
778 1713 914 1768 misi
942 1714 1247 1788 proceres,
1280 1714 1385 1788 qui
1414 1691 1697 1788 proxima
1726 1711 1899 1768 nobis

503 1812 639 1866 iura
665 1816 907 1867 tenent.
986 1807 1210 1878 fateor,
1240 1807 1514 1878 Stilicho,
1542 1829 1666 1866 non
1692 1828 1882 1885 parva
1907 1810 2177 1885 poposci,

507 1907 618 1965 sed
645 1915 814 1965 certe
843 1926 1084 1966 mereor
1110 1910 1417 1985 princep8,
1446 1906 1561 1965 hoc
1588 1910 1863 1985 principe
1892 1914 2075 1964 natus
2252 1915 2322 1963 35

510 2010 617 2084 qui
644 2007 758 2065 sibi
786 2015 853 2065 te
881 2026 1181 2085 generum
1208 2006 1486 2065 fraterna
1510 2007 1681 2084 prole
1710 2010 1995 2076 revinxit,

508 2110 607 2164 cui
638 2105 904 2163 Mariam
933 2106 1143 2164 debes,
1223 2105 1441 2164 faenus
1471 2106 1621 2163 mihi
1650 2105 1815 2164 solve
1843 2088 2195 2182 paternum,

511 2205 703 2264 redde
732 2225 871 2264 suos
900 2205 1098 2263 aulae.
1179 2214 1382 2263 mater
1407 2204 1667 2263 fortasse
1695 2207 1897 2283 rogari

454 2293 459 2300 ¹
512 2304 768 2363 mollior.
849 2325 885 2362 o
902 2308 1108 2382 patrui
1128 2324 1407 2384 germen,
1427 2307 1523 2362 cui
1544 2306 1803 2361 nominis
1823 2301 2001 2359 heres

510 2408 791 2473 successi,
822 2403 1081 2462 sublime
1112 2403 1298 2462 decus
1331 2407 1620 2463 torrentis
1652 2402 1889 2471 Hiberi,
2247 2410 2317 2458 40

510 2507 702 2581 stirpe
731 2523 917 2573 soror,
943 2506 1184 2580 pietate
1211 2522 1457 2581 parenS,
1485 2502 1600 2559 tibi
1628 2500 1895 2558 creditus
1923 2497 2123 2557 infans

503 2606 699 2681 inque
729 2611 838 2660 tuo
868 2606 1031 2659 crevi
1058 2606 1315 2679 gremio,
1342 2609 1651 2680 partuque
1680 2607 1918 2657 remoto

512 2709 583 2759 tu
609 2705 814 2780 potius
844 2699 1125 2758 Flaccilla
1152 2700 1322 2758 mihi.
1402 2699 1551 2777 quid
1578 2698 1795 2757 dividis
1825 2716 1971 2774 ergo

598 2835 615 2866 ¹
648 2833 855 2884 tabulis
877 2832 1060 2896 vul9.‚·
1093 2831 1220 2882 Birt
1240 2832 1398 2888 reads
1419 2830 1682 2881 thalamis
1702 2829 1830 2880 with
1851 2829 1933 2878 the
1956 2827 2116 2879 better
2136 2842 2250 2879 uss·

703 2898 724 2929 ²
756 2898 882 2949 Birt
903 2898 1060 2949 reads
1081 2899 1296 2948 laturus
1318 2898 1444 2947 with
1466 2897 1516 2946 P
1530 2916 1550 2956 ‚·
1582 2897 1729 2946 other
1749 2908 1864 2944 MSS.
1888 2895 2131 2944 lecturus

2191 3015 2285 3024 ——-

586 3100 607 3131 ¹
642 3099 861 3157 Serena,
890 3096 1157 3161 daughter
1185 3095 1246 3147 of
1271 3096 1562 3154 HonoriuS‚
1591 3094 1684 3145 the
1711 3092 1873 3152 elder,
1901 3091 1995 3141 the
2021 3090 2238 3141 brother
2265 3091 2327 3141 of

516 3164 848 3216 Theodosius
878 3162 970 3212 the
1001 3163 1184 3213 Great.
1253 3161 1586 3212 Theodosius
1617 3157 1853 3223 adopted
1884 3157 2086 3208 Serena
2114 3173 2175 3207 so
2204 3156 2321 3207 that

518 3231 594 3295 by
625 3230 884 3294 adoption
916 3227 1189 3279 Honorius
1221 3227 1332 3278 and
1364 3227 1565 3278 Serena
1596 3241 1734 3276 were
1763 3223 1982 3275 brother
2012 3221 2122 3273 and
2154 3223 2323 3281 sister,

518 3317 635 3369 244
