<?xml version="1.0" encoding="UTF-8"?>
<!DOCTYPE html PUBLIC "-//W3C//DTD XHTML 1.0 Transitional//EN"
    "http://www.w3.org/TR/xhtml1/DTD/xhtml1-transitional.dtd">
<html xmlns="http://www.w3.org/1999/xhtml" xml:lang="en" lang="en">
 <head>
  <title>
</title>
<meta http-equiv="Content-Type" content="text/html;charset=utf-8" />
  <meta name='ocr-system' content='tesseract 3.04.00' />
  <meta name='ocr-capabilities' content='ocr_page ocr_carea ocr_par ocr_line ocrx_word'/>
</head>
<body>
  <div class='ocr_page' id='page_1' title='image "./claudianvolume00claugoog_0070.png"; bbox 0 0 2511 3938; ppageno 0'>
   <div class='ocr_carea' id='block_1_1' title="bbox 1163 301 1612 364">
    <p class='ocr_par' dir='ltr' id='par_1_1' title="bbox 1163 301 1612 364">
     <span class='ocr_line' id='line_1_1' title="bbox 1163 301 1612 364; baseline 0.002 -2"><span class='ocrx_word' id='word_1_1' title='bbox 1163 301 1612 364; x_wconf 92' lang='lat' dir='ltr'><strong>CLAUDIAN</strong></span> 
     </span>
    </p>
   </div>
   <div class='ocr_carea' id='block_1_2' title="bbox 485 460 2312 2998">
    <p class='ocr_par' dir='ltr' id='par_1_2' title="bbox 489 460 2057 540">
     <span class='ocr_line' id='line_1_2' title="bbox 489 460 2057 540; baseline 0.003 -21"><span class='ocrx_word' id='word_1_2' title='bbox 489 460 835 533; x_wconf 91' lang='lat' dir='ltr'>Maeonius,</span> <span class='ocrx_word' id='word_1_3' title='bbox 861 463 1114 540; x_wconf 89' lang='lat' dir='ltr'>pulchro</span> <span class='ocrx_word' id='word_1_4' title='bbox 1140 486 1282 523; x_wconf 94' lang='lat' dir='ltr'>cum</span> <span class='ocrx_word' id='word_1_5' title='bbox 1309 474 1583 524; x_wconf 90' lang='lat' dir='ltr'>verteret</span> <span class='ocrx_word' id='word_1_6' title='bbox 1610 469 1815 524; x_wconf 91' lang='lat' dir='ltr'>omnia</span> <span class='ocrx_word' id='word_1_7' title='bbox 1841 474 2014 524; x_wconf 89' lang='lat' dir='ltr'>tactu</span> <span class='ocrx_word' id='word_1_8' title='bbox 2041 483 2057 534; x_wconf 83' lang='lat'><em>3</em></span> 
     </span>
    </p>

    <p class='ocr_par' dir='ltr' id='par_1_3' title="bbox 485 569 2171 652">
     <span class='ocr_line' id='line_1_3' title="bbox 485 569 2171 652; baseline 0.002 -26"><span class='ocrx_word' id='word_1_9' title='bbox 485 569 597 627; x_wconf 89' lang='lat' dir='ltr'>sed</span> <span class='ocrx_word' id='word_1_10' title='bbox 621 579 952 648; x_wconf 83' lang='lat' dir='ltr'>postquam</span> <span class='ocrx_word' id='word_1_11' title='bbox 978 575 1234 650; x_wconf 83' lang='lat' dir='ltr'>riguisse</span> <span class='ocrx_word' id='word_1_12' title='bbox 1264 573 1454 651; x_wconf 91' lang='lat' dir='ltr'>dapes</span> <span class='ocrx_word' id='word_1_13' title='bbox 1481 571 1837 652; x_wconf 87' lang='lat' dir='ltr'>fulvamque</span> <span class='ocrx_word' id='word_1_14' title='bbox 1864 576 2171 631; x_wconf 89' lang='lat' dir='ltr'>revinctos</span> 
     </span>
    </p>

    <p class='ocr_par' dir='ltr' id='par_1_4' title="bbox 485 675 2010 754">
     <span class='ocr_line' id='line_1_4' title="bbox 485 675 2010 754; baseline 0.003 -22"><span class='ocrx_word' id='word_1_15' title='bbox 485 677 549 733; x_wconf 93' lang='lat' dir='ltr'>in</span> <span class='ocrx_word' id='word_1_16' title='bbox 574 675 836 754; x_wconf 83' lang='lat' dir='ltr'>glaciem</span> <span class='ocrx_word' id='word_1_17' title='bbox 863 678 1018 736; x_wconf 88' lang='lat' dir='ltr'>vidit</span> <span class='ocrx_word' id='word_1_18' title='bbox 1042 677 1279 750; x_wconf 83' lang='lat' dir='ltr'>laticeS,</span> <span class='ocrx_word' id='word_1_19' title='bbox 1307 688 1442 738; x_wconf 92' lang='lat' dir='ltr'>tum</span> <span class='ocrx_word' id='word_1_20' title='bbox 1469 700 1691 738; x_wconf 91' lang='lat' dir='ltr'>munus</span> <span class='ocrx_word' id='word_1_21' title='bbox 1719 680 2010 738; x_wconf 86' lang='lat' dir='ltr'>acerbum</span> 
     </span>
    </p>

    <p class='ocr_par' dir='ltr' id='par_1_5' title="bbox 485 785 1861 845">
     <span class='ocr_line' id='line_1_5' title="bbox 485 785 1861 845; baseline 0.004 -6"><span class='ocrx_word' id='word_1_22' title='bbox 485 785 678 840; x_wconf 88' lang='lat' dir='ltr'>sensit</span> <span class='ocrx_word' id='word_1_23' title='bbox 705 791 772 842; x_wconf 89' lang='lat' dir='ltr'>et</span> <span class='ocrx_word' id='word_1_24' title='bbox 796 787 990 843; x_wconf 85' lang='lat' dir='ltr'>inviso</span> <span class='ocrx_word' id='word_1_25' title='bbox 1016 793 1230 844; x_wconf 89' lang='lat' dir='ltr'>votum</span> <span class='ocrx_word' id='word_1_26' title='bbox 1258 786 1575 845; x_wconf 88' lang='lat' dir='ltr'>damnavit</span> <span class='ocrx_word' id='word_1_27' title='bbox 1600 789 1664 843; x_wconf 92' lang='lat' dir='ltr'>in</span> <span class='ocrx_word' id='word_1_28' title='bbox 1693 805 1861 845; x_wconf 77' lang='lat' dir='ltr'>auro·</span> 
     </span>
    </p>

    <p class='ocr_par' dir='ltr' id='par_1_6' title="bbox 488 892 2308 972">
     <span class='ocr_line' id='line_1_6' title="bbox 488 892 2308 972; baseline 0.003 -25"><span class='ocrx_word' id='word_1_29' title='bbox 488 908 635 969; x_wconf 89' lang='lat' dir='ltr'>ergo</span> <span class='ocrx_word' id='word_1_30' title='bbox 664 893 850 949; x_wconf 88' lang='lat' dir='ltr'>animi</span> <span class='ocrx_word' id='word_1_31' title='bbox 871 895 1067 951; x_wconf 89' lang='lat' dir='ltr'>victus</span> <span class='ocrx_word' id='word_1_32' title='bbox 1096 901 1134 928; x_wconf 90' lang='lat'><strong>“</strong></span> <span class='ocrx_word' id='word_1_33' title='bbox 1154 897 1468 972; x_wconf 85' lang='lat' dir='ltr'>sequimur</span> <span class='ocrx_word' id='word_1_34' title='bbox 1495 912 1883 972; x_wconf 89' lang='lat' dir='ltr'>quocumque</span> <span class='ocrx_word' id='word_1_35' title='bbox 1911 892 2178 962; x_wconf 82' lang='lat' dir='ltr'>vocabiS,</span> <span class='ocrx_word' id='word_1_36' title='bbox 2201 901 2308 952; x_wconf 86' lang='lat'>170</span> 
     </span>
    </p>

    <p class='ocr_par' dir='ltr' id='par_1_7' title="bbox 488 995 2002 1078">
     <span class='ocr_line' id='line_1_7' title="bbox 488 995 2002 1078; baseline 0.003 -25"><span class='ocrx_word' id='word_1_37' title='bbox 488 1015 597 1054; x_wconf 91' lang='lat' dir='ltr'>seu</span> <span class='ocrx_word' id='word_1_38' title='bbox 625 1005 695 1055; x_wconf 93' lang='lat' dir='ltr'>tu</span> <span class='ocrx_word' id='word_1_39' title='bbox 722 1001 813 1054; x_wconf 89' lang='lat' dir='ltr'>vir</span> <span class='ocrx_word' id='word_1_40' title='bbox 839 1018 948 1056; x_wconf 89' lang='lat' dir='ltr'>seu</span> <span class='ocrx_word' id='word_1_41' title='bbox 975 1018 1205 1056; x_wconf 89' lang='lat' dir='ltr'>numen</span> <span class='ocrx_word' id='word_1_42' title='bbox 1234 995 1271 1018; x_wconf 80' lang='lat'>&#39;⁹</span> <span class='ocrx_word' id='word_1_43' title='bbox 1299 1003 1407 1070; x_wconf 88' lang='lat' dir='ltr'>ait,</span> <span class='ocrx_word' id='word_1_44' title='bbox 1433 1003 1759 1078; x_wconf 88' lang='lat' dir='ltr'>patriaque</span> <span class='ocrx_word' id='word_1_45' title='bbox 1786 999 2002 1058; x_wconf 89' lang='lat' dir='ltr'>relicta</span> 
     </span>
    </p>

    <p class='ocr_par' dir='ltr' id='par_1_8' title="bbox 489 1102 1729 1165">
     <span class='ocr_line' id='line_1_8' title="bbox 489 1102 1729 1165; baseline 0.003 -4"><span class='ocrx_word' id='word_1_46' title='bbox 489 1102 650 1161; x_wconf 90' lang='lat' dir='ltr'>ans</span> <span class='ocrx_word' id='word_1_47' title='bbox 680 1103 899 1163; x_wconf 81' lang='lat' dir='ltr'>Furiae</span> <span class='ocrx_word' id='word_1_48' title='bbox 926 1108 1093 1163; x_wconf 88' lang='lat' dir='ltr'>iussu</span> <span class='ocrx_word' id='word_1_49' title='bbox 1119 1107 1425 1165; x_wconf 82' lang='lat' dir='ltr'>tendebat</span> <span class='ocrx_word' id='word_1_50' title='bbox 1453 1107 1533 1165; x_wconf 90' lang='lat' dir='ltr'>ad</span> <span class='ocrx_word' id='word_1_51' title='bbox 1560 1126 1729 1165; x_wconf 89' lang='lat' dir='ltr'>arces</span> 
     </span>
    </p>

    <p class='ocr_par' dir='ltr' id='par_1_9' title="bbox 486 1210 2067 1292">
     <span class='ocr_line' id='line_1_9' title="bbox 486 1210 2067 1292; baseline 0.003 -25"><span class='ocrx_word' id='word_1_52' title='bbox 486 1210 929 1290; x_wconf 84' lang='lat' dir='ltr'>instabilesque</span> <span class='ocrx_word' id='word_1_53' title='bbox 956 1212 1101 1271; x_wconf 92' lang='lat' dir='ltr'>olim</span> <span class='ocrx_word' id='word_1_54' title='bbox 1128 1212 1573 1292; x_wconf 82' lang='lat' dir='ltr'>Symplegadas</span> <span class='ocrx_word' id='word_1_55' title='bbox 1603 1224 1669 1273; x_wconf 90' lang='lat' dir='ltr'>et</span> <span class='ocrx_word' id='word_1_56' title='bbox 1694 1212 1860 1273; x_wconf 86' lang='lat' dir='ltr'>freta</span> <span class='ocrx_word' id='word_1_57' title='bbox 1883 1217 2067 1272; x_wconf 89' lang='lat' dir='ltr'>remis</span> 
     </span>
    </p>

    <p class='ocr_par' dir='ltr' id='par_1_10' title="bbox 486 1315 1998 1398">
     <span class='ocr_line' id='line_1_10' title="bbox 486 1315 1998 1398; baseline 0.004 -25"><span class='ocrx_word' id='word_1_58' title='bbox 486 1315 699 1374; x_wconf 90' lang='lat' dir='ltr'>inclita</span> <span class='ocrx_word' id='word_1_59' title='bbox 724 1316 1107 1388; x_wconf 84' lang='lat' dir='ltr'>Thessalicis,</span> <span class='ocrx_word' id='word_1_60' title='bbox 1134 1319 1297 1377; x_wconf 89' lang='lat' dir='ltr'>celsa</span> <span class='ocrx_word' id='word_1_61' title='bbox 1324 1340 1448 1397; x_wconf 87' lang='lat' dir='ltr'>qua</span> <span class='ocrx_word' id='word_1_62' title='bbox 1472 1319 1819 1398; x_wconf 87' lang='lat' dir='ltr'>Bosphorus</span> <span class='ocrx_word' id='word_1_63' title='bbox 1846 1321 1998 1379; x_wconf 91' lang='lat' dir='ltr'>urbe</span> 
     </span>
    </p>

    <p class='ocr_par' dir='ltr' id='par_1_11' title="bbox 489 1423 2312 1612">
     <span class='ocr_line' id='line_1_11' title="bbox 489 1423 2312 1505; baseline 0.003 -24"><span class='ocrx_word' id='word_1_64' title='bbox 489 1423 776 1502; x_wconf 89' lang='lat' dir='ltr'>splendet</span> <span class='ocrx_word' id='word_1_65' title='bbox 804 1433 870 1484; x_wconf 92' lang='lat' dir='ltr'>et</span> <span class='ocrx_word' id='word_1_66' title='bbox 898 1425 1174 1505; x_wconf 88' lang='lat' dir='ltr'>Odrysiis</span> <span class='ocrx_word' id='word_1_67' title='bbox 1203 1426 1416 1485; x_wconf 90' lang='lat' dir='ltr'>Asiam</span> <span class='ocrx_word' id='word_1_68' title='bbox 1443 1428 1820 1486; x_wconf 87' lang='lat' dir='ltr'>discriminat</span> <span class='ocrx_word' id='word_1_69' title='bbox 1846 1430 1987 1486; x_wconf 77' lang='lat' dir='ltr'>oris·</span> <span class='ocrx_word' id='word_1_70' title='bbox 2205 1437 2312 1487; x_wconf 81' lang='lat'>175</span> 
     </span>
     <span class='ocr_line' id='line_1_12' title="bbox 570 1530 2142 1612; baseline 0.001 -22"><span class='ocrx_word' id='word_1_71' title='bbox 570 1530 660 1590; x_wconf 92' lang='lat' dir='ltr'>Ut</span> <span class='ocrx_word' id='word_1_72' title='bbox 685 1530 938 1610; x_wconf 93' lang='lat' dir='ltr'>longum</span> <span class='ocrx_word' id='word_1_73' title='bbox 962 1553 1324 1610; x_wconf 87' lang='lat' dir='ltr'>permensus</span> <span class='ocrx_word' id='word_1_74' title='bbox 1351 1537 1472 1592; x_wconf 89' lang='lat' dir='ltr'>iter</span> <span class='ocrx_word' id='word_1_75' title='bbox 1499 1535 1844 1612; x_wconf 91' lang='lat' dir='ltr'>ductusque</span> <span class='ocrx_word' id='word_1_76' title='bbox 1871 1533 2142 1611; x_wconf 87' lang='lat' dir='ltr'>maligno</span> 
     </span>
    </p>

    <p class='ocr_par' dir='ltr' id='par_1_12' title="bbox 491 1635 1983 1717">
     <span class='ocr_line' id='line_1_13' title="bbox 491 1635 1983 1717; baseline 0.003 -25"><span class='ocrx_word' id='word_1_77' title='bbox 491 1639 754 1694; x_wconf 88' lang='lat' dir='ltr'>stamine</span> <span class='ocrx_word' id='word_1_78' title='bbox 780 1635 1051 1696; x_wconf 87' lang='lat' dir='ltr'>fatorum</span> <span class='ocrx_word' id='word_1_79' title='bbox 1077 1638 1305 1698; x_wconf 90' lang='lat' dir='ltr'>claram</span> <span class='ocrx_word' id='word_1_80' title='bbox 1332 1641 1640 1717; x_wconf 88' lang='lat' dir='ltr'>subrepsit</span> <span class='ocrx_word' id='word_1_81' title='bbox 1666 1644 1729 1697; x_wconf 92' lang='lat' dir='ltr'>in</span> <span class='ocrx_word' id='word_1_82' title='bbox 1758 1639 1983 1709; x_wconf 90' lang='lat' dir='ltr'>aulam,</span> 
     </span>
    </p>

    <p class='ocr_par' dir='ltr' id='par_1_13' title="bbox 489 1741 1785 1817">
     <span class='ocr_line' id='line_1_14' title="bbox 489 1741 1785 1817; baseline 0.003 -17"><span class='ocrx_word' id='word_1_83' title='bbox 489 1741 657 1801; x_wconf 86' lang='lat' dir='ltr'>ilicet</span> <span class='ocrx_word' id='word_1_84' title='bbox 685 1744 940 1803; x_wconf 87' lang='lat' dir='ltr'>ambitio</span> <span class='ocrx_word' id='word_1_85' title='bbox 966 1750 1154 1817; x_wconf 89' lang='lat' dir='ltr'>nasci,</span> <span class='ocrx_word' id='word_1_86' title='bbox 1181 1747 1497 1806; x_wconf 89' lang='lat' dir='ltr'>discedere</span> <span class='ocrx_word' id='word_1_87' title='bbox 1524 1756 1785 1817; x_wconf 89' lang='lat' dir='ltr'>rectum,</span> 
     </span>
    </p>

    <p class='ocr_par' dir='ltr' id='par_1_14' title="bbox 492 1852 2006 1931">
     <span class='ocr_line' id='line_1_15' title="bbox 492 1852 2006 1931; baseline 0.001 -22"><span class='ocrx_word' id='word_1_88' title='bbox 492 1870 718 1909; x_wconf 88' lang='lat' dir='ltr'>venum</span> <span class='ocrx_word' id='word_1_89' title='bbox 745 1860 968 1910; x_wconf 92' lang='lat' dir='ltr'>cuncta</span> <span class='ocrx_word' id='word_1_90' title='bbox 995 1853 1126 1911; x_wconf 89' lang='lat' dir='ltr'>dari</span> <span class='ocrx_word' id='word_1_91' title='bbox 1153 1871 1168 1922; x_wconf 84' lang='lat'>3</span> <span class='ocrx_word' id='word_1_92' title='bbox 1214 1852 1453 1931; x_wconf 88' lang='lat' dir='ltr'>profert</span> <span class='ocrx_word' id='word_1_93' title='bbox 1481 1873 1723 1923; x_wconf 89' lang='lat' dir='ltr'>arcana,</span> <span class='ocrx_word' id='word_1_94' title='bbox 1750 1853 2006 1912; x_wconf 91' lang='lat' dir='ltr'>clientes</span> 
     </span>
    </p>

    <p class='ocr_par' dir='ltr' id='par_1_15' title="bbox 492 1954 2311 2039">
     <span class='ocr_line' id='line_1_16' title="bbox 492 1954 2311 2039; baseline 0.003 -25"><span class='ocrx_word' id='word_1_95' title='bbox 492 1954 651 2016; x_wconf 89' lang='lat' dir='ltr'>fallit</span> <span class='ocrx_word' id='word_1_96' title='bbox 680 1965 746 2016; x_wconf 92' lang='lat' dir='ltr'>et</span> <span class='ocrx_word' id='word_1_97' title='bbox 774 1959 1037 2018; x_wconf 85' lang='lat' dir='ltr'>ambitos</span> <span class='ocrx_word' id='word_1_98' title='bbox 1066 1981 1102 2017; x_wconf 91' lang='lat' dir='ltr'>a</span> <span class='ocrx_word' id='word_1_99' title='bbox 1127 1963 1404 2039; x_wconf 89' lang='lat' dir='ltr'>principe</span> <span class='ocrx_word' id='word_1_100' title='bbox 1431 1960 1647 2020; x_wconf 88' lang='lat' dir='ltr'>vendit</span> <span class='ocrx_word' id='word_1_101' title='bbox 1672 1960 1953 2020; x_wconf 88' lang='lat' dir='ltr'>honores.</span> <span class='ocrx_word' id='word_1_102' title='bbox 2207 1969 2311 2019; x_wconf 88' lang='lat'>180</span> 
     </span>
    </p>

    <p class='ocr_par' dir='ltr' id='par_1_16' title="bbox 491 2067 1958 2147">
     <span class='ocr_line' id='line_1_17' title="bbox 491 2067 1958 2147; baseline 0.003 -26"><span class='ocrx_word' id='word_1_103' title='bbox 491 2067 835 2143; x_wconf 85' lang='lat' dir='ltr'>ingeminat</span> <span class='ocrx_word' id='word_1_104' title='bbox 859 2069 1113 2137; x_wconf 86' lang='lat' dir='ltr'>crimen,</span> <span class='ocrx_word' id='word_1_105' title='bbox 1139 2071 1431 2127; x_wconf 91' lang='lat' dir='ltr'>commoti</span> <span class='ocrx_word' id='word_1_106' title='bbox 1455 2071 1722 2147; x_wconf 89' lang='lat' dir='ltr'>pectoris</span> <span class='ocrx_word' id='word_1_107' title='bbox 1747 2071 1958 2147; x_wconf 87' lang='lat' dir='ltr'>ignem</span> 
     </span>
    </p>

    <p class='ocr_par' dir='ltr' id='par_1_17' title="bbox 494 2175 2053 2252">
     <span class='ocr_line' id='line_1_18' title="bbox 494 2175 2053 2252; baseline 0.003 -23"><span class='ocrx_word' id='word_1_108' title='bbox 494 2175 690 2231; x_wconf 90' lang='lat' dir='ltr'>nutrit</span> <span class='ocrx_word' id='word_1_109' title='bbox 719 2181 786 2231; x_wconf 91' lang='lat' dir='ltr'>et</span> <span class='ocrx_word' id='word_1_110' title='bbox 814 2177 1108 2252; x_wconf 88' lang='lat' dir='ltr'>exiguum</span> <span class='ocrx_word' id='word_1_111' title='bbox 1135 2176 1508 2235; x_wconf 90' lang='lat' dir='ltr'>stimulando</span> <span class='ocrx_word' id='word_1_112' title='bbox 1536 2175 1753 2235; x_wconf 89' lang='lat' dir='ltr'>vulnus</span> <span class='ocrx_word' id='word_1_113' title='bbox 1782 2176 2053 2234; x_wconf 86' lang='lat' dir='ltr'>acerbat.</span> 
     </span>
    </p>

    <p class='ocr_par' dir='ltr' id='par_1_18' title="bbox 495 2277 1971 2342">
     <span class='ocr_line' id='line_1_19' title="bbox 495 2277 1971 2342; baseline 0.004 -7"><span class='ocrx_word' id='word_1_114' title='bbox 495 2298 565 2336; x_wconf 94' lang='lat' dir='ltr'>ac</span> <span class='ocrx_word' id='word_1_115' title='bbox 593 2277 763 2337; x_wconf 80' lang='lat' dir='ltr'>velut</span> <span class='ocrx_word' id='word_1_116' title='bbox 789 2283 1140 2340; x_wconf 88' lang='lat' dir='ltr'>innumeros</span> <span class='ocrx_word' id='word_1_117' title='bbox 1169 2302 1381 2340; x_wconf 86' lang='lat' dir='ltr'>amnes</span> <span class='ocrx_word' id='word_1_118' title='bbox 1411 2284 1704 2342; x_wconf 88' lang='lat' dir='ltr'>accedere</span> <span class='ocrx_word' id='word_1_119' title='bbox 1734 2283 1971 2341; x_wconf 89' lang='lat' dir='ltr'>Nereus</span> 
     </span>
    </p>

    <p class='ocr_par' dir='ltr' id='par_1_19' title="bbox 495 2388 2234 2468">
     <span class='ocr_line' id='line_1_20' title="bbox 495 2388 2234 2468; baseline 0.002 -24"><span class='ocrx_word' id='word_1_120' title='bbox 495 2390 691 2445; x_wconf 91' lang='lat' dir='ltr'>nescit</span> <span class='ocrx_word' id='word_1_121' title='bbox 720 2396 785 2445; x_wconf 91' lang='lat' dir='ltr'>et</span> <span class='ocrx_word' id='word_1_122' title='bbox 813 2388 1154 2447; x_wconf 90' lang='lat' dir='ltr'>undantem</span> <span class='ocrx_word' id='word_1_123' title='bbox 1182 2394 1460 2468; x_wconf 89' lang='lat' dir='ltr'>quamvis</span> <span class='ocrx_word' id='word_1_124' title='bbox 1487 2390 1628 2448; x_wconf 90' lang='lat' dir='ltr'>hinc</span> <span class='ocrx_word' id='word_1_125' title='bbox 1655 2390 1900 2449; x_wconf 90' lang='lat' dir='ltr'>hauriat</span> <span class='ocrx_word' id='word_1_126' title='bbox 1928 2390 2234 2461; x_wconf 84' lang='lat' dir='ltr'>Histrum,</span> 
     </span>
    </p>

    <p class='ocr_par' dir='ltr' id='par_1_20' title="bbox 495 2493 2312 2576">
     <span class='ocr_line' id='line_1_21' title="bbox 495 2493 2312 2576; baseline 0.001 -25"><span class='ocrx_word' id='word_1_127' title='bbox 495 2493 635 2552; x_wconf 85' lang='lat' dir='ltr'>hinc</span> <span class='ocrx_word' id='word_1_128' title='bbox 662 2495 838 2553; x_wconf 88' lang='lat' dir='ltr'>bibat</span> <span class='ocrx_word' id='word_1_129' title='bbox 865 2499 1169 2554; x_wconf 89' lang='lat' dir='ltr'>aestivum</span> <span class='ocrx_word' id='word_1_130' title='bbox 1196 2507 1456 2576; x_wconf 90' lang='lat' dir='ltr'>septeno</span> <span class='ocrx_word' id='word_1_131' title='bbox 1482 2501 1730 2576; x_wconf 87' lang='lat' dir='ltr'>gurgite</span> <span class='ocrx_word' id='word_1_132' title='bbox 1760 2497 1987 2566; x_wconf 90' lang='lat' dir='ltr'>Nilum,</span> <span class='ocrx_word' id='word_1_133' title='bbox 2210 2506 2312 2554; x_wconf 89' lang='lat'>185</span> 
     </span>
    </p>

    <p class='ocr_par' dir='ltr' id='par_1_21' title="bbox 495 2602 2125 2682">
     <span class='ocr_line' id='line_1_22' title="bbox 495 2602 2125 2682; baseline 0.002 -26"><span class='ocrx_word' id='word_1_134' title='bbox 495 2619 608 2676; x_wconf 90' lang='lat' dir='ltr'>par</span> <span class='ocrx_word' id='word_1_135' title='bbox 634 2619 878 2678; x_wconf 90' lang='lat' dir='ltr'>semper</span> <span class='ocrx_word' id='word_1_136' title='bbox 904 2603 1237 2682; x_wconf 87' lang='lat' dir='ltr'>similisque</span> <span class='ocrx_word' id='word_1_137' title='bbox 1266 2614 1479 2664; x_wconf 88' lang='lat' dir='ltr'>manet</span> <span class='ocrx_word' id='word_1_138' title='bbox 1507 2624 1520 2662; x_wconf 78' lang='lat' dir='ltr'><em>z</em></span> <span class='ocrx_word' id='word_1_139' title='bbox 1570 2607 1654 2662; x_wconf 91' lang='lat' dir='ltr'>sic</span> <span class='ocrx_word' id='word_1_140' title='bbox 1680 2602 1966 2662; x_wconf 89' lang='lat' dir='ltr'>fluctibus</span> <span class='ocrx_word' id='word_1_141' title='bbox 1995 2606 2125 2661; x_wconf 91' lang='lat' dir='ltr'>auri</span> 
     </span>
    </p>

    <p class='ocr_par' dir='ltr' id='par_1_22' title="bbox 499 2704 2013 2788">
     <span class='ocr_line' id='line_1_23' title="bbox 499 2704 2013 2788; baseline 0.003 -26"><span class='ocrx_word' id='word_1_142' title='bbox 499 2704 732 2782; x_wconf 88' lang='lat' dir='ltr'>expleri</span> <span class='ocrx_word' id='word_1_143' title='bbox 759 2705 923 2765; x_wconf 89' lang='lat' dir='ltr'>calor</span> <span class='ocrx_word' id='word_1_144' title='bbox 947 2707 1050 2765; x_wconf 95' lang='lat' dir='ltr'>ille</span> <span class='ocrx_word' id='word_1_145' title='bbox 1078 2713 1317 2788; x_wconf 90' lang='lat' dir='ltr'>nequit.</span> <span class='ocrx_word' id='word_1_146' title='bbox 1398 2712 1760 2788; x_wconf 89' lang='lat' dir='ltr'>cuicumque</span> <span class='ocrx_word' id='word_1_147' title='bbox 1788 2708 2013 2768; x_wconf 92' lang='lat' dir='ltr'>monile</span> 
     </span>
    </p>

    <p class='ocr_par' dir='ltr' id='par_1_23' title="bbox 498 2815 2067 2894">
     <span class='ocr_line' id='line_1_24' title="bbox 498 2815 2067 2894; baseline 0.003 -25"><span class='ocrx_word' id='word_1_148' title='bbox 498 2821 862 2870; x_wconf 89' lang='lat' dir='ltr'>contextum</span> <span class='ocrx_word' id='word_1_149' title='bbox 888 2819 1148 2892; x_wconf 89' lang='lat' dir='ltr'>gemmis</span> <span class='ocrx_word' id='word_1_150' title='bbox 1177 2826 1287 2875; x_wconf 88' lang='lat' dir='ltr'>aut</span> <span class='ocrx_word' id='word_1_151' title='bbox 1310 2817 1566 2894; x_wconf 88' lang='lat' dir='ltr'>praedia</span> <span class='ocrx_word' id='word_1_152' title='bbox 1592 2816 1759 2874; x_wconf 93' lang='lat' dir='ltr'>culta</span> <span class='ocrx_word' id='word_1_153' title='bbox 1784 2815 2067 2884; x_wconf 87' lang='lat' dir='ltr'>fuissent,</span> 
     </span>
    </p>

    <p class='ocr_par' dir='ltr' id='par_1_24' title="bbox 499 2916 2004 2998">
     <span class='ocr_line' id='line_1_25' title="bbox 499 2916 2004 2998; baseline 0.002 -23"><span class='ocrx_word' id='word_1_154' title='bbox 499 2916 719 2976; x_wconf 87' lang='lat' dir='ltr'>Rufino</span> <span class='ocrx_word' id='word_1_155' title='bbox 745 2918 1132 2995; x_wconf 90' lang='lat' dir='ltr'>populandus</span> <span class='ocrx_word' id='word_1_156' title='bbox 1161 2929 1319 2991; x_wconf 89' lang='lat' dir='ltr'>erat,</span> <span class='ocrx_word' id='word_1_157' title='bbox 1347 2922 1716 2998; x_wconf 89' lang='lat' dir='ltr'>dominoque</span> <span class='ocrx_word' id='word_1_158' title='bbox 1742 2921 2004 2998; x_wconf 88' lang='lat' dir='ltr'>parabat</span> 
     </span>
    </p>
   </div>
   <div class='ocr_carea' id='block_1_3' title="bbox 499 3023 2313 3297">
    <p class='ocr_par' dir='ltr' id='par_1_25' title="bbox 499 3023 2313 3297">
     <span class='ocr_line' id='line_1_26' title="bbox 499 3023 2313 3106; baseline 0.002 -25"><span class='ocrx_word' id='word_1_159' title='bbox 499 3027 761 3082; x_wconf 85' lang='lat' dir='ltr'>exitium</span> <span class='ocrx_word' id='word_1_160' title='bbox 784 3023 1084 3085; x_wconf 89' lang='lat' dir='ltr'>fecundus</span> <span class='ocrx_word' id='word_1_161' title='bbox 1113 3048 1263 3106; x_wconf 88' lang='lat' dir='ltr'>ager</span> <span class='ocrx_word' id='word_1_162' title='bbox 1288 3048 1304 3098; x_wconf 84' lang='lat'><em>3</em></span> <span class='ocrx_word' id='word_1_163' title='bbox 1353 3029 1690 3087; x_wconf 91' lang='lat' dir='ltr'>metuenda</span> <span class='ocrx_word' id='word_1_164' title='bbox 1717 3027 1942 3086; x_wconf 90' lang='lat' dir='ltr'>colonis</span> <span class='ocrx_word' id='word_1_165' title='bbox 2212 3036 2313 3085; x_wconf 88' lang='grc'>190</span> 
     </span>
     <span class='ocr_line' id='line_1_27' title="bbox 499 3131 1837 3211; baseline 0.002 -22"><span class='ocrx_word' id='word_1_166' title='bbox 499 3131 786 3190; x_wconf 87' lang='lat' dir='ltr'>fertilitas</span> <span class='ocrx_word' id='word_1_167' title='bbox 814 3153 826 3190; x_wconf 76' lang='grc' dir='ltr'>ε</span> <span class='ocrx_word' id='word_1_168' title='bbox 875 3132 1102 3192; x_wconf 92' lang='lat' dir='ltr'>laribus</span> <span class='ocrx_word' id='word_1_169' title='bbox 1127 3133 1326 3211; x_wconf 92' lang='lat' dir='ltr'>pellit,</span> <span class='ocrx_word' id='word_1_170' title='bbox 1354 3134 1631 3193; x_wconf 85' lang='lat' dir='ltr'>detrudit</span> <span class='ocrx_word' id='word_1_171' title='bbox 1659 3138 1837 3192; x_wconf 89' lang='lat' dir='ltr'>avitis</span> 
     </span>
     <span class='ocr_line' id='line_1_28' title="bbox 505 3246 579 3297; baseline 0.014 -1"><span class='ocrx_word' id='word_1_172' title='bbox 505 3246 579 3297; x_wconf 82' lang='grc'>38</span> 
     </span>
    </p>
   </div>
   <div class='ocr_carea' id='block_1_4' title="bbox 2488 10 2491 517">
    <p class='ocr_par' dir='ltr' id='par_1_26' title="bbox 2488 10 2491 517">
     <span class='ocr_line' id='line_1_29' title="bbox 2488 10 2491 517; baseline 0 0"><span class='ocrx_word' id='word_1_173' title='bbox 2488 10 2491 517; x_wconf 95' lang='lat' dir='ltr'> </span> 
     </span>
    </p>
   </div>
  </div>
 </body>
</html>
