2511 3938
1188 1009 1441 1069 LIBER
1482 1010 1546 1069 11

1321 1169 1427 1248 (V)

549 1325 683 1384 Iam
707 1333 850 1404 post
877 1325 1178 1383 edomitas
1205 1323 1397 1402 Alpes
1425 1323 1804 1402 defensaque
1831 1343 2024 1402 regna

470 1407 812 1486 Hesperiae
839 1410 1063 1465 merita
1088 1405 1442 1484 complexus
1470 1405 1617 1464 sede
1644 1414 1970 1483 parentem

472 1493 707 1549 auctior
733 1490 976 1549 adiecto
1002 1487 1286 1566 fulgebat
1313 1488 1511 1546 sidere
1538 1487 1825 1557 munduS,

470 1573 718 1648 iamque
745 1574 890 1640 tui8,
917 1569 1190 1639 Stilicho,
1218 1568 1496 1628 Romana
1520 1573 1805 1647 potentia
1830 1571 1987 1626 curis

473 1661 541 1711 et
565 1672 772 1711 rerum
798 1654 1152 1711 commissus
1181 1670 1363 1728 apex,
1390 1651 1504 1709 tibi
1531 1650 1767 1709 credita
1791 1647 2053 1707 fratrum
2244 1659 2277 1706 5

473 1742 737 1811 utraque
763 1736 1053 1791 maiestas
1079 1735 1491 1810 geminaeque
1520 1734 1826 1789 exercitus
1854 1730 2053 1788 aulae.

471 1814 726 1873 Rufinus
754 1814 983 1893 (neque
1012 1816 1176 1871 enim
1201 1816 1525 1890 patiuntur
1550 1831 1734 1870 saeva
1761 1815 2037 1889 quietem

471 1899 725 1953 crimina
749 1894 1147 1974 pollutaeque
1175 1903 1411 1973 negant
1438 1913 1714 1952 arescere
1739 1891 1974 1973 fauces)

468 1977 736 2037 infandis
761 1981 989 2035 iterum
1014 1984 1210 2036 terras
1238 1977 1576 2035 accendere
1602 1975 1779 2034 bellis

468 2059 719 2118 incohat
746 2068 814 2118 et
839 2058 1017 2118 solito
1043 2078 1263 2137 pacem
1290 2077 1516 2116 vexare
1544 2057 1839 2116 tumultu.
2214 2065 2278 2114 10

469 2141 625 2199 haec
651 2143 843 2199 etiam
869 2160 1078 2199 secum
1106 2159 1120 2198 ι
1169 2148 1207 2176 “
1234 2160 1503 2217 quanam
1529 2143 1768 2198 ratione
1796 2139 2019 2197 tuebor

470 2243 646 2301 spem
671 2225 837 2281 vitae
863 2221 1147 2300 fragilem
1173 2223 1196 2281 ?
1277 2241 1402 2299 qua
1427 2230 1525 2280 tot
1551 2220 1862 2299 depellere
1890 2219 2110 2278 fluctus

472 2314 606 2364 arte
635 2305 905 2383 queam?
946 2323 1193 2381 premor
1219 2303 1360 2361 hinc
1387 2303 1562 2372 odiis,
1588 2302 1730 2361 hinc
1756 2301 1950 2360 milite
1978 2305 2209 2379 cingor.
2283 2331 2288 2334 ·

470 2386 595 2445 heu
623 2386 773 2464 quid
801 2405 984 2464 agam
1009 2387 1033 2443 ?
1061 2404 1186 2444 non
1215 2405 1386 2442 arma
1413 2383 1584 2454 mihi,
1612 2404 1736 2441 non
1762 2386 2053 2461 principis
2082 2381 2239 2440 ullus

472 2467 803 2527 auxiliatur
831 2487 1020 2526 amor.
1100 2475 1345 2525 matura
1370 2464 1643 2544 pericula
1670 2473 1931 2543 surgunt
2214 2473 2277 2520 15

473 2550 746 2627 undique
774 2558 840 2607 et
864 2551 1136 2627 impositi
1160 2548 1408 2607 radiant
1433 2546 1767 2605 cervicibus
1797 2565 1993 2603 enses,

474 2631 623 2709 quid
647 2638 866 2699 restat,
892 2633 1007 2688 nisi
1034 2638 1258 2688 cuncta
1284 2649 1441 2687 novo
1467 2626 1843 2687 confundere
1870 2626 2040 2685 luctu

468 2716 868 2790 insontesque
894 2731 1074 2769 meae
1100 2710 1359 2789 populos
1385 2713 1641 2768 miscere
1667 2712 1881 2767 ruinae
1907 2709 1931 2766 ?

472 2814 683 2853 everso
708 2797 883 2852 iuvat
908 2794 1056 2852 orbe
1084 2795 1238 2851 mori
1265 2811 1281 2862 ;
1329 2791 1553 2850 solacia
1577 2790 1706 2850 leto

541 3083 561 3114 ¹
596 3080 928 3132 Theodosius
972 3079 1096 3131 died
1142 3081 1198 3131 in
1242 3079 1280 3131 J
1281 3097 1491 3144 anuary
1535 3082 1655 3138 395,
1702 3083 1796 3129 not
1841 3075 1971 3141 long
2013 3074 2152 3127 after
2195 3075 2282 3127 his

468 3147 651 3199 defeat
685 3147 746 3197 of
778 3146 1054 3210 Eugenius
1090 3149 1148 3196 at
1182 3146 1276 3196 the
1312 3144 1562 3211 Frigidus
1600 3145 1762 3195 River
1797 3143 1950 3208 (near
1985 3141 2279 3207 Aquileia),

468 3212 785 3279 September
809 3216 916 3271 5-6,
942 3215 1046 3262 394
1069 3211 1180 3275 (see
1206 3210 1594 3270 Introduction,
1620 3227 1675 3275 p.
1702 3209 1796 3274 ix).

471 3300 545 3351 58
