2511 3938
1050 977 1732 1038 EPITHALAMIUM

1328 1136 1457 1217 (X·)

568 1296 881 1356 Hauserat
908 1296 1181 1355 insolitos
1210 1299 1545 1373 promissae
1575 1298 1823 1373 virginis
1850 1298 2025 1373 ignes

491 1386 810 1466 Augustus
839 1392 1159 1466 primoque
1189 1387 1356 1445 rudis
1385 1385 1753 1465 flagraverat
1783 1395 1959 1444 aestu
1986 1404 2002 1456 3

491 1498 605 1538 nec
631 1500 821 1538 novus
849 1479 1013 1537 unde
1040 1478 1202 1537 calor
1227 1498 1343 1536 nec
1370 1478 1519 1556 quid
1544 1480 1801 1555 suspiria
1824 1476 2075 1546 vellent,

490 1578 747 1629 noverat
774 1573 1070 1647 incipiens
1101 1578 1167 1627 et
1196 1569 1396 1628 adhuc
1423 1573 1670 1647 ignarus
1701 1569 1967 1626 amandi.

488 1681 612 1719 non
639 1659 724 1718 illi
752 1669 1010 1718 venator
1038 1680 1253 1738 equuS,
1283 1681 1406 1718 non
1434 1659 1664 1738 spicula
1691 1679 1895 1728 curae,
2266 1667 2300 1715 5

488 1772 612 1809 non
639 1750 905 1810 iaculum
933 1760 1222 1829 torquere
1250 1751 1406 1809 libet
1432 1768 1448 1820 3
1497 1771 1671 1808 mens
1700 1753 1895 1809 omnis
1925 1750 2172 1808 aberrat

485 1846 551 1900 in
575 1841 814 1912 vulnuS,
841 1843 1006 1920 quod
1031 1842 1167 1900 fixit
1192 1843 1403 1900 Amor.
1483 1861 1669 1919 quam
1695 1860 1881 1918 saepe
1906 1839 2186 1899 medullis

485 1936 692 2011 erupit
718 1936 987 2012 gemitus
1014 1933 1027 1992 l
1104 1937 1390 2011 quotiens
1420 1932 1736 1992 incanduit
1766 1951 1870 1991 ore

486 2023 799 2083 confessus
831 2033 1071 2083 secreta
1101 2026 1288 2082 rubor
1318 2044 1668 2102 nomenque
1698 2024 1956 2082 beatum

482 2118 750 2174 iniussae
780 2118 1074 2193 scripsere
1104 2136 1321 2173 manus
1350 2116 1362 2173 Ξ
1443 2118 1567 2172 iam
1595 2135 1852 2172 munera
1881 2122 2114 2192 nuptae
2232 2123 2298 2172 10
2357 2141 2360 2142 ⁷

484 2215 817 2284 praeparat
844 2215 911 2265 et
935 2206 1218 2284 pulchros
1249 2206 1489 2264 Mariae
1516 2206 1627 2265 sed
1653 2205 1788 2264 luce
1816 2208 2079 2264 minores

486 2296 661 2376 eligit
690 2306 963 2368 ornatuS,
994 2298 1293 2375 quidquid
1321 2295 1684 2355 venerabilis
1715 2296 1859 2354 olim

486 2388 660 2446 Livia
691 2389 1091 2467 divorumque
1123 2409 1311 2446 nurus
1342 2408 1588 2466 gessere
1621 2389 1943 2465 superbae.

481 2481 723 2537 incusat
750 2499 889 2558 spes
920 2499 1106 2557 aegra
1132 2500 1333 2537 moras
1361 2478 1652 2557 longique
1680 2479 1968 2537 videntur

481 2578 648 2628 stare
675 2571 805 2628 dies
832 2590 1210 2648 segnemque
1237 2578 1439 2629 rotam
1464 2590 1587 2628 non
1612 2568 1863 2628 flectere
1893 2568 2161 2627 Phoebe.
2230 2579 2296 2627 15

483 2660 694 2740 Scyria
723 2664 807 2719 sic
838 2669 1124 2719 tenerum
1154 2664 1326 2739 virgo
1356 2659 1716 2719 flammabat
1746 2658 2049 2718 Achillem

481 2750 713 2809 fraudis
746 2752 944 2810 adhuc
977 2771 1197 2829 expers
1226 2750 1700 2829 bellatricesque
1732 2751 1997 2809 docebat

481 2841 707 2900 ducere
737 2841 840 2900 fila
867 2863 1084 2900 manus
1116 2851 1202 2912 et,
1232 2863 1377 2900 mox
1407 2862 1558 2921 quos
1587 2842 1824 2901 horruit
1854 2841 1988 2911 Ide,

479 2932 858 2991 Thessalicos
886 2954 1061 2993 roseo
1090 2934 1385 2992 nectebat
1412 2932 1630 3011 pollice
1660 2936 1875 2992 crines,

558 3023 731 3082 Haec
788 3027 978 3082 etiam
1040 3028 1320 3102 queritur
1381 3044 1589 3083 secum
1613 3044 1627 3082 ε
1701 3033 1737 3060 “
1764 3044 2031 3102 quonam
2094 3042 2295 3102 usque

632 3114 934 3173 verendus
2225 3123 2297 3174 20

472 3229 595 3317 ¹242
