2511 3938
1116 988 1708 1049 PANEGYRICUS

1283 1148 1538 1228 (xvn.)

586 1305 729 1384 Ipsa
755 1307 1007 1385 quidem
1034 1306 1241 1366 Virtus
1267 1311 1537 1386 pretium
1565 1309 1699 1379 sibi,
1727 1308 1977 1387 solaque
2002 1308 2132 1367 late

509 1404 819 1464 Fortunae
845 1426 1060 1465 secura
1086 1410 1249 1466 nitet
1276 1427 1391 1467 nec
1418 1406 1682 1467 fascibus
1710 1408 1846 1467 ullis

507 1507 764 1582 erigitur
788 1504 1084 1584 plausuve
1110 1510 1276 1584 petit
1302 1506 1635 1565 clarescere
1661 1507 1849 1586 vulgi.

505 1602 590 1660 nil
615 1607 746 1682 opis
775 1613 1070 1663 externae
1097 1609 1371 1682 cupiens,
1398 1605 1479 1662 nil
1506 1605 1717 1684 indiga
1741 1605 1958 1676 laudiS,

503 1700 730 1760 divitiis
760 1706 1033 1762 animosa
1062 1707 1183 1761 suis
1212 1707 1573 1782 inmotaque
1603 1708 1836 1763 cunctis
2282 1716 2316 1762 5

503 1803 742 1861 casibus
773 1822 850 1860 ex
880 1801 1008 1860 alta
1035 1802 1319 1861 mortalia
1346 1803 1608 1881 despicit
1636 1822 1795 1862 arce.

504 1908 784 1959 attamen
809 1904 1066 1959 invitam
1093 1900 1319 1960 blande
1348 1905 1617 1980 vestigat
1645 1910 1712 1960 et
1738 1901 1900 1960 ultro

502 1999 699 2059 ambit
724 1998 916 2058 honor
942 2020 957 2058 ฮต
1004 2001 1213 2059 docuit
1238 2004 1469 2060 totiens
1496 2021 1533 2059 a
1557 2021 1697 2059 rure
1722 1999 2034 2079 profectus

499 2097 677 2157 lictor
704 2107 770 2158 et
793 2102 859 2156 in
883 2099 1101 2158 mediis
1127 2098 1336 2158 consul
1364 2103 1679 2178 quaesitus
1706 2103 1943 2158 aratriS.

500 2203 568 2256 te
597 2218 843 2277 quoque
871 2207 1130 2257 naturae
1159 2202 1342 2257 sacris
1370 2197 1707 2277 mundique
1735 2207 2082 2270 vacantem,
2249 2209 2316 2259 10

502 2302 830 2357 emeritum
858 2298 1099 2377 pridem
1130 2298 1569 2375 desudatisque
1600 2307 1908 2357 remotum

497 2396 734 2455 iudiciis
764 2396 983 2455 eadem
1010 2416 1249 2454 rursum
1276 2395 1598 2473 complexa
1623 2404 1902 2474 potestas

500 2494 709 2553 evehit
736 2503 802 2553 et
826 2494 1119 2552 reducem
1145 2497 1308 2552 notis
1335 2496 1597 2572 imponit
1623 2493 1900 2553 habenis,

499 2594 802 2653 accedunt
831 2593 1087 2651 trabeae
1116 2612 1129 2650 z
1181 2592 1267 2650 nil
1295 2596 1441 2662 iarn,
1469 2592 1813 2662 Theodore,
1841 2592 2145 2663 relictum,

496 2711 618 2770 quo
645 2695 836 2750 virtus
864 2694 1068 2749 animo
1095 2699 1331 2749 crescat
1357 2690 1454 2749 vel
1480 2691 1769 2768 splendor
1796 2691 2057 2750 honori.1
2244 2703 2313 2752 15

495 2790 740 2850 culmen
767 2798 1101 2868 utrumque
1130 2799 1346 2848 tenes:
1403 2789 1594 2847 talem
1625 2798 1691 2848 te
1719 2794 1999 2868 protinus
2028 2794 2176 2848 anni

491 2887 834 2949 formavere
859 2889 1065 2958 rudeS,
1093 2897 1159 2947 et
1184 2888 1442 2965 dignum
1467 2891 1596 2946 vita
1621 2887 1813 2946 curuli

490 2993 684 3048 traxit
711 2992 832 3046 iter
859 2992 1219 3067 primaeque
1250 3005 1429 3044 senes
1460 3006 1698 3044 cessere
1728 2990 2040 3045 iuventae.

490 3091 616 3147 iam
643 3096 778 3146 tum
805 3090 1060 3146 canities
1090 3088 1298 3155 animi,
1324 3088 1448 3142 iam
1475 3084 1653 3143 dulce
1680 3084 1974 3163 loquendi

866 3193 884 3225 ยน
920 3193 1111 3244 honori
1133 3192 1350 3256 condect.
1375 3190 1535 3250 Birt3
1569 3191 1771 3243 honore
1790 3192 1944 3243 codd.

495 3281 609 3334 338
