2511 3938
1165 352 1614 438 CLAUDIAN

482 514 806 594 planitiem
833 534 1034 584 cursu,
1061 512 1248 571 valles
1279 521 1345 571 et
1371 533 1637 571 concava
1663 511 1846 583 saltu,

484 617 599 656 nec
627 618 752 655 non
778 600 843 653 in
870 595 1066 673 clipeo
1094 594 1309 673 vigiles
1336 595 1675 673 producere
1703 603 1938 664 nocteS,

483 683 548 737 in
575 679 756 757 galea
782 686 1002 756 potare
1031 680 1223 747 niveS,
1251 697 1414 735 nunc
1444 676 1674 754 spicula
1702 697 1890 735 cornu

484 762 767 830 tendere,
800 781 963 818 nunc
996 757 1252 838 glandes
1286 759 1527 816 Baleari
1560 778 1850 837 spargere
1883 756 2096 817 funda.
2225 768 2296 816 50

484 862 732 921 quoque
760 845 957 920 magis
983 844 1240 900 nimium
1267 860 1515 919 pugnae
1542 839 1955 900 inflammaret
1983 860 2281 912 amorem,

482 923 652 983 facta
678 927 771 982 tui
797 924 1165 982 numerabat
1193 926 1311 992 avi,
1339 942 1525 1000 quem
1550 922 1696 980 litus
1723 923 1982 981 adustae

483 1005 781 1065 horrescit
812 1005 1048 1084 Libyae
1077 1005 1438 1082 ratibusque
1466 1007 1764 1081 impervia
1791 1003 1987 1062 Thule
2016 1024 2031 1063 ι

482 1086 585 1146 ille
612 1087 780 1147 leves
811 1087 1063 1146 Mauros
1090 1106 1206 1145 nec
1231 1084 1386 1145 falso
1413 1089 1660 1144 nomine
1690 1085 1893 1144 Pictos

485 1170 763 1229 edomuit
792 1169 1197 1247 Scottumque
1227 1187 1386 1246 vago
1416 1188 1706 1226 mucrone
1736 1176 1983 1226 secutus
2223 1177 2293 1226 55

481 1250 672 1330 fregit
703 1251 1139 1331 Hyperboreas
1169 1252 1353 1308 remis
1387 1250 1718 1309 audacibus
1750 1250 1945 1308 undas

485 1342 551 1392 et
576 1336 837 1412 geminis
864 1332 1107 1411 fulgens
1136 1340 1400 1409 utroque
1429 1333 1542 1390 sub
1572 1350 1688 1390 axe
1717 1335 1986 1410 tropaeis

481 1415 755 1494 Tethyos
789 1414 1064 1474 alternae
1095 1413 1318 1472 refluas
1350 1414 1608 1473 calcavit
1638 1413 1919 1471 harenas,

482 1496 592 1556 hos
621 1498 736 1556 tibi
764 1500 1064 1556 virtutum
1092 1494 1392 1566 stimulos,
1421 1495 1574 1554 haec
1602 1498 1837 1553 semina
1863 1494 2137 1564 laudum,

481 1576 635 1637 haec
667 1577 952 1657 exempla
981 1578 1192 1636 dabat.
1272 1597 1396 1635 non
1426 1580 1591 1635 ocius
1620 1576 1826 1635 hausit
1856 1575 2123 1635 Achilles
2221 1585 2290 1635 60

482 1659 752 1718 semiferi
779 1668 1116 1738 praecepta
1146 1662 1329 1729 seniS,
1359 1678 1469 1718 seu
1499 1659 1763 1736 cuspidis
1794 1667 1958 1717 artes

481 1745 608 1800 sive
635 1742 805 1821 lyrae
833 1750 1049 1800 cantus
1077 1741 1345 1799 medicas
1373 1760 1482 1799 seu
1509 1741 1775 1799 disceret
1800 1740 2042 1798 herbas,

395 1888 397 1891 .
559 1824 809 1882 Interea
837 1824 1089 1882 turbata
1118 1822 1291 1881 fides.
1370 1822 1567 1880 civilia
1593 1842 1798 1880 rursus

480 1904 642 1963 bella
671 1913 892 1963 tonant
920 1905 1300 1983 dubiumque
1332 1907 1535 1983 quatit
1564 1903 1863 1962 discordia
1889 1902 2210 1962 mundum.

477 2008 590 2066 pro
617 1991 850 2046 crimen
877 2007 1188 2065 superum,
1216 1987 1383 2065 longi
1410 2007 1520 2064 pro
1550 1986 1817 2045 dedecus
1848 1989 1984 2044 aevi
2011 2006 2025 2044 t
2217 1995 2285 2043 65

478 2068 772 2128 barbarus
803 2070 1136 2147 Hesperias
1167 2067 1311 2127 exul
1338 2068 1699 2147 possederat
1727 2068 1909 2126 urbes

477 2160 845 2230 sceptraque
877 2151 1120 2211 deiecto
1151 2150 1413 2210 dederat
1444 2149 1721 2208 Romana
1751 2149 1979 2207 clienti.

476 2236 601 2291 iam
627 2238 910 2312 princeps
940 2232 1188 2291 molitur
1215 2236 1338 2290 iter
1365 2240 1712 2311 gentesque
1739 2239 2008 2290 remotas

476 2315 706 2394 colligit
738 2317 1035 2385 Aurorae,
1069 2313 1341 2373 tumidus
1375 2333 1793 2392 quascumque
1824 2321 2104 2391 pererrat
2214 2317 2282 2371 69

474 2397 845 2475 Euphrates,
875 2417 1026 2475 quas
1052 2395 1276 2455 lustrat
1304 2394 1519 2474 Halys,
1548 2415 1700 2473 quas
1727 2395 1890 2453 ditat
1917 2393 2184 2453 Orontes
2212 2414 2228 2464 ;

475 2478 762 2538 turiferos
791 2480 1028 2537 Arabes
1056 2478 1270 2548 saltuS,
1297 2478 1456 2536 vada
1483 2477 1705 2554 Caspia
1734 2476 1931 2546 Medi,

474 2561 752 2619 Armenii
780 2561 1026 2630 Phasin,
1055 2559 1268 2618 Parthi
1294 2559 1528 2637 liquere
1558 2558 1892 2637 Niphaten.

551 2642 728 2715 Quae
758 2644 873 2701 tibi
903 2650 1039 2701 tum
1073 2642 1295 2700 Martis
1324 2642 1525 2700 rabies
1558 2649 1948 2719 quantusque
1979 2641 2281 2718 sequendi

473 2724 652 2782 ardor
680 2733 814 2783 erat
840 2725 863 2781 ?
944 2732 1177 2802 quanto
1204 2722 1552 2801 flagrabant
1577 2730 1830 2800 pectora
1856 2730 2001 2780 voto

537 2966 559 2996 1
595 2966 731 3024 Pict‚
752 2969 810 3015 to
831 2980 865 3014 a
889 2964 1123 3023 Roman,
1145 2979 1334 3014 means
1356 2962 1389 2984 “
1410 2961 1691 3028 painted.”
1746 2961 1901 3027 They
1921 2979 2061 3014 were
2083 2962 2116 2984 “
2138 2964 2286 3015 well-

464 3030 664 3083 named
697 3031 842 3081 Picts
864 3029 896 3051 ’⁹
929 3030 1161 3080 because
1190 3029 1323 3093 they
1353 3028 1577 3094 painted
1606 3028 1927 3079 themselves
1958 3027 2088 3079 with
2121 3029 2281 3081 woad

467 3115 528 3149 or
551 3097 705 3148 other
727 3098 886 3147 stain.

531 3163 552 3193 ²
588 3163 863 3226 Arbogast
905 3163 949 3211 is
992 3160 1084 3211 the
1129 3159 1160 3181 “
1183 3159 1530 3219 barbarian‚'’
1577 3159 1854 3224 Eugenius
1899 3158 1998 3224 (by
2040 3159 2195 3211 trade
2239 3178 2275 3212 a

465 3226 808 3292 rhetorician)
834 3227 926 3278 the
951 3226 984 3247 “
1007 3224 1369 3290 dependent.”
1441 3225 1543 3276 See
1568 3225 1957 3286 Introduction,
1984 3241 2038 3290 p.
2065 3226 2135 3277 ix·

463 3310 580 3370 274
