<?xml version="1.0" encoding="UTF-8"?>
<!DOCTYPE html PUBLIC "-//W3C//DTD XHTML 1.0 Transitional//EN"
    "http://www.w3.org/TR/xhtml1/DTD/xhtml1-transitional.dtd">
<html xmlns="http://www.w3.org/1999/xhtml" xml:lang="en" lang="en">
 <head>
  <title>
</title>
<meta http-equiv="Content-Type" content="text/html;charset=utf-8" />
  <meta name='ocr-system' content='tesseract 3.04.00' />
  <meta name='ocr-capabilities' content='ocr_page ocr_carea ocr_par ocr_line ocrx_word'/>
</head>
<body>
  <div class='ocr_page' id='page_1' title='image "./claudianvolume00claugoog_0278.png"; bbox 0 0 2511 3938; ppageno 0'>
   <div class='ocr_carea' id='block_1_1' title="bbox 1145 349 1593 410">
    <p class='ocr_par' dir='ltr' id='par_1_1' title="bbox 1145 349 1593 410">
     <span class='ocr_line' id='line_1_1' title="bbox 1145 349 1593 410; baseline 0.004 -2"><span class='ocrx_word' id='word_1_1' title='bbox 1145 349 1593 410; x_wconf 91' lang='lat' dir='ltr'><strong>CLAUDIAN</strong></span> 
     </span>
    </p>
   </div>
   <div class='ocr_carea' id='block_1_2' title="bbox 447 519 2274 3268">
    <p class='ocr_par' dir='ltr' id='par_1_2' title="bbox 463 519 2274 797">
     <span class='ocr_line' id='line_1_2' title="bbox 463 519 2193 597; baseline 0.007 -23"><span class='ocrx_word' id='word_1_2' title='bbox 463 519 722 595; x_wconf 87' lang='lat' dir='ltr'>pignora</span> <span class='ocrx_word' id='word_1_3' title='bbox 747 519 771 577; x_wconf 87' lang='lat'>?</span> <span class='ocrx_word' id='word_1_4' title='bbox 862 519 1011 597; x_wconf 92' lang='lat' dir='ltr'>quid</span> <span class='ocrx_word' id='word_1_5' title='bbox 1037 524 1243 579; x_wconf 90' lang='lat' dir='ltr'>iuveni</span> <span class='ocrx_word' id='word_1_6' title='bbox 1271 531 1485 581; x_wconf 88' lang='lat' dir='ltr'>natam</span> <span class='ocrx_word' id='word_1_7' title='bbox 1512 544 1636 582; x_wconf 89' lang='lat' dir='ltr'>non</span> <span class='ocrx_word' id='word_1_8' title='bbox 1662 525 1866 583; x_wconf 82' lang='lat' dir='ltr'><strong>reddis</strong></span> <span class='ocrx_word' id='word_1_9' title='bbox 1895 525 2141 585; x_wconf 91' lang='lat' dir='ltr'>alumno</span> <span class='ocrx_word' id='word_1_10' title='bbox 2168 528 2193 586; x_wconf 86' lang='lat'>?</span> 
     </span>
     <span class='ocr_line' id='line_1_3' title="bbox 465 619 2274 702; baseline 0.006 -29"><span class='ocrx_word' id='word_1_11' title='bbox 465 624 797 693; x_wconf 79' lang='lat' dir='ltr'><strong>optatusne</strong></span> <span class='ocrx_word' id='word_1_12' title='bbox 827 619 957 677; x_wconf 92' lang='lat' dir='ltr'>dies</span> <span class='ocrx_word' id='word_1_13' title='bbox 989 619 1188 678; x_wconf 90' lang='lat' dir='ltr'>aderit</span> <span class='ocrx_word' id='word_1_14' title='bbox 1214 621 1237 678; x_wconf 88' lang='lat'>?</span> <span class='ocrx_word' id='word_1_15' title='bbox 1316 621 1643 681; x_wconf 82' lang='lat' dir='ltr'>dabiturne</span> <span class='ocrx_word' id='word_1_16' title='bbox 1668 623 1887 702; x_wconf 90' lang='lat' dir='ltr'>iugalis</span> <span class='ocrx_word' id='word_1_17' title='bbox 2203 636 2274 684; x_wconf 88' lang='lat'>45</span> 
     </span>
     <span class='ocr_line' id='line_1_4' title="bbox 464 717 1013 797; baseline 0.004 -22"><span class='ocrx_word' id='word_1_18' title='bbox 464 736 586 775; x_wconf 91' lang='lat' dir='ltr'>nox</span> <span class='ocrx_word' id='word_1_19' title='bbox 616 720 954 797; x_wconf 89' lang='lat' dir='ltr'>umquam?</span> <span class='ocrx_word' id='word_1_20' title='bbox 978 717 1013 739; x_wconf 78' lang='lat'>&#39;⁹</span> 
     </span>
    </p>

    <p class='ocr_par' dir='ltr' id='par_1_3' title="bbox 459 812 2138 1088">
     <span class='ocr_line' id='line_1_5' title="bbox 1164 812 2111 894; baseline 0.006 -24"><span class='ocrx_word' id='word_1_21' title='bbox 1164 812 1297 871; x_wconf 92' lang='lat' dir='ltr'>Tali</span> <span class='ocrx_word' id='word_1_22' title='bbox 1326 813 1557 872; x_wconf 90' lang='lat' dir='ltr'>solatur</span> <span class='ocrx_word' id='word_1_23' title='bbox 1584 815 1838 874; x_wconf 87' lang='lat' dir='ltr'>vulnera</span> <span class='ocrx_word' id='word_1_24' title='bbox 1866 826 2111 894; x_wconf 91' lang='lat' dir='ltr'>questu.</span> 
     </span>
     <span class='ocr_line' id='line_1_6' title="bbox 459 910 2138 992; baseline 0.001 -19"><span class='ocrx_word' id='word_1_25' title='bbox 459 917 594 974; x_wconf 91' lang='lat' dir='ltr'>risit</span> <span class='ocrx_word' id='word_1_26' title='bbox 621 914 813 972; x_wconf 92' lang='lat' dir='ltr'>Amor</span> <span class='ocrx_word' id='word_1_27' title='bbox 836 911 1239 990; x_wconf 81' lang='lat' dir='ltr'>placidaeque</span> <span class='ocrx_word' id='word_1_28' title='bbox 1268 910 1435 970; x_wconf 90' lang='lat' dir='ltr'>volat</span> <span class='ocrx_word' id='word_1_29' title='bbox 1461 920 1630 971; x_wconf 89' lang='lat' dir='ltr'>trans</span> <span class='ocrx_word' id='word_1_30' title='bbox 1659 933 1927 992; x_wconf 86' lang='lat' dir='ltr'>aequora</span> <span class='ocrx_word' id='word_1_31' title='bbox 1953 918 2138 974; x_wconf 90' lang='lat' dir='ltr'>matri</span> 
     </span>
     <span class='ocr_line' id='line_1_7' title="bbox 461 1011 1816 1088; baseline 0 -16"><span class='ocrx_word' id='word_1_32' title='bbox 461 1016 711 1072; x_wconf 92' lang='lat' dir='ltr'>nuntius</span> <span class='ocrx_word' id='word_1_33' title='bbox 739 1020 805 1070; x_wconf 90' lang='lat' dir='ltr'>et</span> <span class='ocrx_word' id='word_1_34' title='bbox 831 1019 995 1071; x_wconf 88' lang='lat' dir='ltr'>totas</span> <span class='ocrx_word' id='word_1_35' title='bbox 1021 1013 1350 1069; x_wconf 86' lang='lat' dir='ltr'>iactantior</span> <span class='ocrx_word' id='word_1_36' title='bbox 1376 1011 1645 1088; x_wconf 85' lang='lat' dir='ltr'>explicat</span> <span class='ocrx_word' id='word_1_37' title='bbox 1670 1011 1816 1071; x_wconf 78' lang='lat' dir='ltr'>alas·</span> 
     </span>
    </p>

    <p class='ocr_par' dir='ltr' id='par_1_4' title="bbox 451 1108 2268 1980">
     <span class='ocr_line' id='line_1_8' title="bbox 539 1108 2180 1190; baseline 0.002 -22"><span class='ocrx_word' id='word_1_38' title='bbox 539 1110 723 1170; x_wconf 91' lang='lat' dir='ltr'>Mons</span> <span class='ocrx_word' id='word_1_39' title='bbox 751 1110 913 1169; x_wconf 91' lang='lat' dir='ltr'>latus</span> <span class='ocrx_word' id='word_1_40' title='bbox 945 1109 1186 1168; x_wconf 92' lang='lat' dir='ltr'>Ionium</span> <span class='ocrx_word' id='word_1_41' title='bbox 1216 1108 1404 1188; x_wconf 88' lang='lat' dir='ltr'><strong>Cypri</strong></span> <span class='ocrx_word' id='word_1_42' title='bbox 1431 1120 1799 1190; x_wconf 89' lang='lat' dir='ltr'>praeruptus</span> <span class='ocrx_word' id='word_1_43' title='bbox 1830 1112 2180 1184; x_wconf 83' lang='lat' dir='ltr'><strong>obumbrat,</strong></span> 
     </span>
     <span class='ocr_line' id='line_1_9' title="bbox 458 1207 2268 1287; baseline 0.002 -19"><span class='ocrx_word' id='word_1_44' title='bbox 458 1213 655 1268; x_wconf 89' lang='lat' dir='ltr'>invius</span> <span class='ocrx_word' id='word_1_45' title='bbox 684 1209 953 1268; x_wconf 90' lang='lat' dir='ltr'>humano</span> <span class='ocrx_word' id='word_1_46' title='bbox 982 1227 1216 1287; x_wconf 83' lang='lat' dir='ltr'>gressu,</span> <span class='ocrx_word' id='word_1_47' title='bbox 1248 1207 1660 1287; x_wconf 90' lang='lat' dir='ltr'>Phariumque</span> <span class='ocrx_word' id='word_1_48' title='bbox 1690 1211 1889 1269; x_wconf 86' lang='lat' dir='ltr'>cubile</span> <span class='ocrx_word' id='word_1_49' title='bbox 2198 1223 2268 1271; x_wconf 86' lang='lat'>50</span> 
     </span>
     <span class='ocr_line' id='line_1_10' title="bbox 461 1307 1854 1386; baseline 0 -18"><span class='ocrx_word' id='word_1_50' title='bbox 461 1309 714 1369; x_wconf 83' lang='lat' dir='ltr'>Proteos</span> <span class='ocrx_word' id='word_1_51' title='bbox 743 1317 810 1367; x_wconf 90' lang='lat' dir='ltr'>et</span> <span class='ocrx_word' id='word_1_52' title='bbox 835 1316 1079 1386; x_wconf 84' lang='lat' dir='ltr'>septem</span> <span class='ocrx_word' id='word_1_53' title='bbox 1106 1307 1431 1385; x_wconf 84' lang='lat' dir='ltr'>despectat</span> <span class='ocrx_word' id='word_1_54' title='bbox 1458 1328 1684 1367; x_wconf 89' lang='lat' dir='ltr'>cornua</span> <span class='ocrx_word' id='word_1_55' title='bbox 1713 1309 1854 1369; x_wconf 85' lang='lat' dir='ltr'>Nili.</span> 
     </span>
     <span class='ocr_line' id='line_1_11' title="bbox 457 1406 2035 1486; baseline 0.001 -19"><span class='ocrx_word' id='word_1_56' title='bbox 457 1408 620 1467; x_wconf 89' lang='lat' dir='ltr'>hunc</span> <span class='ocrx_word' id='word_1_57' title='bbox 645 1426 850 1485; x_wconf 90' lang='lat' dir='ltr'>neque</span> <span class='ocrx_word' id='word_1_58' title='bbox 878 1406 1214 1465; x_wconf 89' lang='lat' dir='ltr'>candentes</span> <span class='ocrx_word' id='word_1_59' title='bbox 1243 1406 1479 1465; x_wconf 89' lang='lat' dir='ltr'>audent</span> <span class='ocrx_word' id='word_1_60' title='bbox 1505 1411 1730 1466; x_wconf 90' lang='lat' dir='ltr'>vestire</span> <span class='ocrx_word' id='word_1_61' title='bbox 1757 1413 2035 1486; x_wconf 83' lang='lat' dir='ltr'>pruinae,</span> 
     </span>
     <span class='ocr_line' id='line_1_12' title="bbox 456 1504 2060 1583; baseline 0.001 -17"><span class='ocrx_word' id='word_1_62' title='bbox 456 1507 618 1566; x_wconf 88' lang='lat' dir='ltr'>hunc</span> <span class='ocrx_word' id='word_1_63' title='bbox 644 1511 815 1565; x_wconf 88' lang='lat' dir='ltr'>venti</span> <span class='ocrx_word' id='word_1_64' title='bbox 840 1504 1083 1583; x_wconf 89' lang='lat' dir='ltr'>pulsare</span> <span class='ocrx_word' id='word_1_65' title='bbox 1111 1509 1358 1575; x_wconf 90' lang='lat' dir='ltr'>timent,</span> <span class='ocrx_word' id='word_1_66' title='bbox 1385 1504 1548 1565; x_wconf 91' lang='lat' dir='ltr'>hunc</span> <span class='ocrx_word' id='word_1_67' title='bbox 1574 1505 1821 1566; x_wconf 89' lang='lat' dir='ltr'>laedere</span> <span class='ocrx_word' id='word_1_68' title='bbox 1848 1510 2060 1567; x_wconf 87' lang='lat' dir='ltr'>nimbi.</span> 
     </span>
     <span class='ocr_line' id='line_1_13' title="bbox 455 1605 1956 1683; baseline 0.001 -19"><span class='ocrx_word' id='word_1_69' title='bbox 455 1605 733 1664; x_wconf 85' lang='lat' dir='ltr'>luxuriae</span> <span class='ocrx_word' id='word_1_70' title='bbox 763 1605 1112 1683; x_wconf 90' lang='lat' dir='ltr'>Venerique</span> <span class='ocrx_word' id='word_1_71' title='bbox 1142 1612 1341 1663; x_wconf 86' lang='lat' dir='ltr'>vacat.</span> <span class='ocrx_word' id='word_1_72' title='bbox 1420 1625 1560 1683; x_wconf 89' lang='lat' dir='ltr'>pars</span> <span class='ocrx_word' id='word_1_73' title='bbox 1591 1610 1783 1665; x_wconf 91' lang='lat' dir='ltr'>acrior</span> <span class='ocrx_word' id='word_1_74' title='bbox 1813 1612 1956 1665; x_wconf 89' lang='lat' dir='ltr'>anni</span> 
     </span>
     <span class='ocr_line' id='line_1_14' title="bbox 456 1704 2264 1783; baseline 0.001 -19"><span class='ocrx_word' id='word_1_75' title='bbox 456 1705 703 1775; x_wconf 85' lang='lat' dir='ltr'>exulat3</span> <span class='ocrx_word' id='word_1_76' title='bbox 757 1708 994 1763; x_wconf 89' lang='lat' dir='ltr'>aeterni</span> <span class='ocrx_word' id='word_1_77' title='bbox 1022 1712 1203 1782; x_wconf 85' lang='lat' dir='ltr'>patet</span> <span class='ocrx_word' id='word_1_78' title='bbox 1231 1704 1619 1783; x_wconf 87' lang='lat' dir='ltr'>indulgentia</span> <span class='ocrx_word' id='word_1_79' title='bbox 1648 1710 1826 1765; x_wconf 82' lang='lat' dir='ltr'>veriS.</span> <span class='ocrx_word' id='word_1_80' title='bbox 2193 1719 2264 1766; x_wconf 84' lang='lat'>55</span> 
     </span>
     <span class='ocr_line' id='line_1_15' title="bbox 451 1802 2043 1885; baseline 0.002 -22"><span class='ocrx_word' id='word_1_81' title='bbox 451 1809 515 1863; x_wconf 87' lang='lat' dir='ltr'>in</span> <span class='ocrx_word' id='word_1_82' title='bbox 540 1825 826 1884; x_wconf 85' lang='lat' dir='ltr'>campum</span> <span class='ocrx_word' id='word_1_83' title='bbox 852 1823 918 1862; x_wconf 91' lang='lat' dir='ltr'>se</span> <span class='ocrx_word' id='word_1_84' title='bbox 943 1802 1150 1862; x_wconf 88' lang='lat' dir='ltr'>fundit</span> <span class='ocrx_word' id='word_1_85' title='bbox 1175 1823 1336 1881; x_wconf 87' lang='lat' dir='ltr'>apex</span> <span class='ocrx_word' id='word_1_86' title='bbox 1364 1823 1380 1873; x_wconf 90' lang='lat'>;</span> <span class='ocrx_word' id='word_1_87' title='bbox 1427 1804 1589 1864; x_wconf 88' lang='lat' dir='ltr'>hunc</span> <span class='ocrx_word' id='word_1_88' title='bbox 1615 1825 1802 1864; x_wconf 89' lang='lat' dir='ltr'>aurea</span> <span class='ocrx_word' id='word_1_89' title='bbox 1827 1826 2043 1885; x_wconf 85' lang='lat' dir='ltr'>saepes</span> 
     </span>
     <span class='ocr_line' id='line_1_16' title="bbox 452 1901 1759 1980; baseline 0.001 -19"><span class='ocrx_word' id='word_1_90' title='bbox 452 1906 666 1962; x_wconf 85' lang='lat' dir='ltr'>circuit</span> <span class='ocrx_word' id='word_1_91' title='bbox 693 1912 759 1962; x_wconf 95' lang='lat' dir='ltr'>et</span> <span class='ocrx_word' id='word_1_92' title='bbox 783 1902 949 1962; x_wconf 89' lang='lat' dir='ltr'>fulvo</span> <span class='ocrx_word' id='word_1_93' title='bbox 976 1901 1259 1961; x_wconf 83' lang='lat' dir='ltr'>defendit</span> <span class='ocrx_word' id='word_1_94' title='bbox 1282 1911 1464 1980; x_wconf 87' lang='lat' dir='ltr'>prata</span> <span class='ocrx_word' id='word_1_95' title='bbox 1487 1902 1759 1963; x_wconf 89' lang='lat' dir='ltr'>meta110.</span> 
     </span>
    </p>

    <p class='ocr_par' dir='ltr' id='par_1_5' title="bbox 451 2002 2081 2163">
     <span class='ocr_line' id='line_1_17' title="bbox 454 2002 2081 2084; baseline 0.001 -21"><span class='ocrx_word' id='word_1_96' title='bbox 454 2004 779 2075; x_wconf 88' lang='lat' dir='ltr'>Mulciber,</span> <span class='ocrx_word' id='word_1_97' title='bbox 806 2002 1252 2081; x_wconf 78' lang='lat' dir='ltr'>ut&#39;perhibent,</span> <span class='ocrx_word' id='word_1_98' title='bbox 1281 2002 1373 2061; x_wconf 90' lang='lat' dir='ltr'>his</span> <span class='ocrx_word' id='word_1_99' title='bbox 1400 2003 1604 2062; x_wconf 91' lang='lat' dir='ltr'>oscula</span> <span class='ocrx_word' id='word_1_100' title='bbox 1629 2008 1902 2084; x_wconf 84' lang='lat' dir='ltr'>coniugis</span> <span class='ocrx_word' id='word_1_101' title='bbox 1930 2009 2081 2065; x_wconf 90' lang='lat' dir='ltr'>emit</span> 
     </span>
     <span class='ocr_line' id='line_1_18' title="bbox 451 2101 1801 2163; baseline 0 0"><span class='ocrx_word' id='word_1_102' title='bbox 451 2104 770 2163; x_wconf 91' lang='lat' dir='ltr'>moenibus</span> <span class='ocrx_word' id='word_1_103' title='bbox 801 2111 867 2162; x_wconf 91' lang='lat' dir='ltr'>et</span> <span class='ocrx_word' id='word_1_104' title='bbox 895 2101 1051 2161; x_wconf 86' lang='lat' dir='ltr'>tales</span> <span class='ocrx_word' id='word_1_105' title='bbox 1080 2105 1328 2161; x_wconf 89' lang='lat' dir='ltr'>uxorius</span> <span class='ocrx_word' id='word_1_106' title='bbox 1358 2102 1584 2162; x_wconf 90' lang='lat' dir='ltr'>obtulit</span> <span class='ocrx_word' id='word_1_107' title='bbox 1612 2123 1801 2163; x_wconf 73' lang='lat' dir='ltr'>arces·</span> 
     </span>
    </p>

    <p class='ocr_par' dir='ltr' id='par_1_6' title="bbox 448 2202 2261 2479">
     <span class='ocr_line' id='line_1_19' title="bbox 448 2202 2261 2279; baseline -0.001 -15"><span class='ocrx_word' id='word_1_108' title='bbox 448 2207 615 2264; x_wconf 89' lang='lat' dir='ltr'>intus</span> <span class='ocrx_word' id='word_1_109' title='bbox 642 2224 784 2262; x_wconf 89' lang='lat' dir='ltr'>rura</span> <span class='ocrx_word' id='word_1_110' title='bbox 810 2206 1062 2273; x_wconf 87' lang='lat' dir='ltr'>micant,</span> <span class='ocrx_word' id='word_1_111' title='bbox 1089 2202 1371 2260; x_wconf 89' lang='lat' dir='ltr'>manibus</span> <span class='ocrx_word' id='word_1_112' title='bbox 1400 2221 1561 2279; x_wconf 89' lang='lat' dir='ltr'>quae</span> <span class='ocrx_word' id='word_1_113' title='bbox 1588 2203 1838 2261; x_wconf 85' lang='lat' dir='ltr'>subdita</span> <span class='ocrx_word' id='word_1_114' title='bbox 1864 2203 2042 2263; x_wconf 90' lang='lat' dir='ltr'>nullis</span> <span class='ocrx_word' id='word_1_115' title='bbox 2191 2213 2261 2264; x_wconf 89' lang='grc'>60</span> 
     </span>
     <span class='ocr_line' id='line_1_20' title="bbox 448 2300 2001 2382; baseline 0 -20"><span class='ocrx_word' id='word_1_116' title='bbox 448 2312 820 2382; x_wconf 89' lang='lat' dir='ltr'>perpetuum</span> <span class='ocrx_word' id='word_1_117' title='bbox 852 2300 1096 2372; x_wconf 91' lang='lat' dir='ltr'>florent,</span> <span class='ocrx_word' id='word_1_118' title='bbox 1128 2300 1410 2379; x_wconf 91' lang='lat' dir='ltr'>Zephyro</span> <span class='ocrx_word' id='word_1_119' title='bbox 1442 2309 1736 2359; x_wconf 87' lang='lat' dir='ltr'>contenta</span> <span class='ocrx_word' id='word_1_120' title='bbox 1766 2302 2001 2374; x_wconf 87' lang='lat' dir='ltr'>colono,</span> 
     </span>
     <span class='ocr_line' id='line_1_21' title="bbox 450 2399 2055 2479; baseline -0.001 -18"><span class='ocrx_word' id='word_1_121' title='bbox 450 2404 927 2479; x_wconf 92' lang='lat' dir='ltr'>umbrosumque</span> <span class='ocrx_word' id='word_1_122' title='bbox 956 2420 1195 2471; x_wconf 82' lang='lat' dir='ltr'>nemuS,</span> <span class='ocrx_word' id='word_1_123' title='bbox 1225 2420 1349 2478; x_wconf 91' lang='lat' dir='ltr'>quo</span> <span class='ocrx_word' id='word_1_124' title='bbox 1377 2420 1500 2457; x_wconf 91' lang='lat' dir='ltr'>non</span> <span class='ocrx_word' id='word_1_125' title='bbox 1529 2399 1880 2459; x_wconf 85' lang='lat' dir='ltr'>admittitur</span> <span class='ocrx_word' id='word_1_126' title='bbox 1908 2401 2055 2473; x_wconf 89' lang='lat' dir='ltr'>ales,</span> 
     </span>
    </p>

    <p class='ocr_par' dir='ltr' id='par_1_7' title="bbox 449 2498 1928 2579">
     <span class='ocr_line' id='line_1_22' title="bbox 449 2498 1928 2579; baseline -0.001 -19"><span class='ocrx_word' id='word_1_127' title='bbox 449 2506 513 2560; x_wconf 90' lang='lat' dir='ltr'>ni</span> <span class='ocrx_word' id='word_1_128' title='bbox 538 2502 763 2579; x_wconf 91' lang='lat' dir='ltr'>probet</span> <span class='ocrx_word' id='word_1_129' title='bbox 791 2509 936 2558; x_wconf 87' lang='lat' dir='ltr'>ante</span> <span class='ocrx_word' id='word_1_130' title='bbox 965 2518 1104 2558; x_wconf 93' lang='lat' dir='ltr'>suos</span> <span class='ocrx_word' id='word_1_131' title='bbox 1133 2499 1275 2557; x_wconf 89' lang='lat' dir='ltr'>diva</span> <span class='ocrx_word' id='word_1_132' title='bbox 1301 2498 1415 2557; x_wconf 90' lang='lat' dir='ltr'>sub</span> <span class='ocrx_word' id='word_1_133' title='bbox 1441 2498 1643 2556; x_wconf 90' lang='lat' dir='ltr'>iudice</span> <span class='ocrx_word' id='word_1_134' title='bbox 1670 2508 1886 2558; x_wconf 89' lang='lat' dir='ltr'>cantus</span> <span class='ocrx_word' id='word_1_135' title='bbox 1915 2520 1928 2558; x_wconf 90' lang='lat'>:</span> 
     </span>
    </p>

    <p class='ocr_par' dir='ltr' id='par_1_8' title="bbox 447 2597 2258 2873">
     <span class='ocr_line' id='line_1_23' title="bbox 449 2597 2104 2679; baseline 0 -21"><span class='ocrx_word' id='word_1_136' title='bbox 449 2620 609 2679; x_wconf 91' lang='lat' dir='ltr'>quae</span> <span class='ocrx_word' id='word_1_137' title='bbox 638 2600 890 2677; x_wconf 88' lang='lat' dir='ltr'>placuit,</span> <span class='ocrx_word' id='word_1_138' title='bbox 918 2597 1142 2657; x_wconf 91' lang='lat' dir='ltr'>fruitur</span> <span class='ocrx_word' id='word_1_139' title='bbox 1168 2600 1352 2655; x_wconf 90' lang='lat' dir='ltr'>ramis</span> <span class='ocrx_word' id='word_1_140' title='bbox 1379 2615 1395 2667; x_wconf 84' lang='lat'><em>3</em></span> <span class='ocrx_word' id='word_1_141' title='bbox 1446 2616 1606 2674; x_wconf 89' lang='lat' dir='ltr'>quae</span> <span class='ocrx_word' id='word_1_142' title='bbox 1635 2600 1819 2668; x_wconf 86' lang='lat' dir='ltr'>victa,</span> <span class='ocrx_word' id='word_1_143' title='bbox 1848 2600 2104 2658; x_wconf 82' lang='lat' dir='ltr'>recedit.</span> 
     </span>
     <span class='ocr_line' id='line_1_24' title="bbox 448 2695 2258 2774; baseline -0.001 -16"><span class='ocrx_word' id='word_1_144' title='bbox 448 2703 663 2758; x_wconf 89' lang='lat' dir='ltr'>vivunt</span> <span class='ocrx_word' id='word_1_145' title='bbox 690 2702 755 2756; x_wconf 89' lang='lat' dir='ltr'>in</span> <span class='ocrx_word' id='word_1_146' title='bbox 784 2698 1091 2756; x_wconf 91' lang='lat' dir='ltr'>Venerem</span> <span class='ocrx_word' id='word_1_147' title='bbox 1119 2695 1368 2756; x_wconf 90' lang='lat' dir='ltr'>fr0ndes</span> <span class='ocrx_word' id='word_1_148' title='bbox 1398 2699 1718 2774; x_wconf 90' lang='lat' dir='ltr'>omnisque</span> <span class='ocrx_word' id='word_1_149' title='bbox 1746 2700 2008 2756; x_wconf 87' lang='lat' dir='ltr'>vicissim</span> <span class='ocrx_word' id='word_1_150' title='bbox 2188 2707 2258 2757; x_wconf 88' lang='lat'>65</span> 
     </span>
     <span class='ocr_line' id='line_1_25' title="bbox 447 2794 1941 2873; baseline -0.001 -17"><span class='ocrx_word' id='word_1_151' title='bbox 447 2797 597 2856; x_wconf 87' lang='lat' dir='ltr'>felix</span> <span class='ocrx_word' id='word_1_152' title='bbox 626 2798 805 2855; x_wconf 89' lang='lat' dir='ltr'>arbor</span> <span class='ocrx_word' id='word_1_153' title='bbox 832 2804 1002 2854; x_wconf 90' lang='lat' dir='ltr'>amat</span> <span class='ocrx_word' id='word_1_154' title='bbox 1027 2814 1043 2865; x_wconf 83' lang='lat'><em>3</em></span> <span class='ocrx_word' id='word_1_155' title='bbox 1092 2804 1320 2854; x_wconf 88' lang='lat' dir='ltr'>nutant</span> <span class='ocrx_word' id='word_1_156' title='bbox 1349 2795 1429 2853; x_wconf 95' lang='lat' dir='ltr'>ad</span> <span class='ocrx_word' id='word_1_157' title='bbox 1454 2803 1673 2853; x_wconf 85' lang='lat' dir='ltr'>mutua</span> <span class='ocrx_word' id='word_1_158' title='bbox 1697 2794 1941 2873; x_wconf 87' lang='lat' dir='ltr'>palmae</span> 
     </span>
    </p>

    <p class='ocr_par' dir='ltr' id='par_1_9' title="bbox 447 2879 1758 2974">
     <span class='ocr_line' id='line_1_26' title="bbox 447 2879 1758 2974; baseline -0.003 -18"><span class='ocrx_word' id='word_1_159' title='bbox 447 2896 722 2966; x_wconf 88' lang='lat' dir='ltr'>foedera,</span> <span class='ocrx_word' id='word_1_160' title='bbox 750 2879 1016 2974; x_wconf 59' lang='lat' dir='ltr'>populeo</span> <span class='ocrx_word' id='word_1_161' title='bbox 1046 2897 1312 2973; x_wconf 88' lang='lat' dir='ltr'>suspirat</span> <span class='ocrx_word' id='word_1_162' title='bbox 1339 2881 1600 2972; x_wconf 75' lang='lat' dir='ltr'>populus</span> <span class='ocrx_word' id='word_1_163' title='bbox 1627 2898 1758 2953; x_wconf 89' lang='lat' dir='ltr'>ictu</span> 
     </span>
    </p>

    <p class='ocr_par' dir='ltr' id='par_1_10' title="bbox 449 2991 1897 3074">
     <span class='ocr_line' id='line_1_27' title="bbox 449 2991 1897 3074; baseline -0.003 -19"><span class='ocrx_word' id='word_1_164' title='bbox 449 3005 515 3055; x_wconf 88' lang='lat' dir='ltr'>et</span> <span class='ocrx_word' id='word_1_165' title='bbox 541 2995 777 3074; x_wconf 89' lang='lat' dir='ltr'>platani</span> <span class='ocrx_word' id='word_1_166' title='bbox 803 2993 1068 3073; x_wconf 86' lang='lat' dir='ltr'>platanis</span> <span class='ocrx_word' id='word_1_167' title='bbox 1098 2992 1361 3070; x_wconf 89' lang='lat' dir='ltr'>alnoque</span> <span class='ocrx_word' id='word_1_168' title='bbox 1391 2991 1675 3051; x_wconf 89' lang='lat' dir='ltr'>adsibilat</span> <span class='ocrx_word' id='word_1_169' title='bbox 1704 2992 1897 3052; x_wconf 81' lang='lat' dir='ltr'>alnus,</span> 
     </span>
    </p>

    <p class='ocr_par' dir='ltr' id='par_1_11' title="bbox 449 3090 2259 3268">
     <span class='ocr_line' id='line_1_28' title="bbox 528 3090 1995 3172; baseline -0.001 -18"><span class='ocrx_word' id='word_1_170' title='bbox 528 3095 852 3154; x_wconf 89' lang='lat' dir='ltr'>Labuntur</span> <span class='ocrx_word' id='word_1_171' title='bbox 876 3095 1107 3172; x_wconf 87' lang='lat' dir='ltr'>gemini</span> <span class='ocrx_word' id='word_1_172' title='bbox 1133 3091 1360 3161; x_wconf 85' lang='lat' dir='ltr'>fonteS,</span> <span class='ocrx_word' id='word_1_173' title='bbox 1388 3090 1485 3149; x_wconf 90' lang='lat' dir='ltr'>hic</span> <span class='ocrx_word' id='word_1_174' title='bbox 1513 3091 1725 3162; x_wconf 81' lang='lat' dir='ltr'>dulciS,</span> <span class='ocrx_word' id='word_1_175' title='bbox 1753 3112 1995 3152; x_wconf 89' lang='lat' dir='ltr'>amarus</span> 
     </span>
     <span class='ocr_line' id='line_1_29' title="bbox 449 3189 2259 3268; baseline 0 -16"><span class='ocrx_word' id='word_1_176' title='bbox 449 3193 627 3265; x_wconf 87' lang='lat' dir='ltr'>alter,</span> <span class='ocrx_word' id='word_1_177' title='bbox 658 3201 725 3251; x_wconf 90' lang='lat' dir='ltr'>et</span> <span class='ocrx_word' id='word_1_178' title='bbox 751 3191 965 3250; x_wconf 90' lang='lat' dir='ltr'>infusis</span> <span class='ocrx_word' id='word_1_179' title='bbox 993 3197 1393 3268; x_wconf 87' lang='lat' dir='ltr'>corrumpunt</span> <span class='ocrx_word' id='word_1_180' title='bbox 1421 3189 1607 3248; x_wconf 90' lang='lat' dir='ltr'>mella</span> <span class='ocrx_word' id='word_1_181' title='bbox 1633 3196 1907 3261; x_wconf 89' lang='lat' dir='ltr'>venenis,</span> <span class='ocrx_word' id='word_1_182' title='bbox 2190 3203 2259 3252; x_wconf 88' lang='lat'>70</span> 
     </span>
    </p>
   </div>
   <div class='ocr_carea' id='block_1_3' title="bbox 450 3312 568 3372">
    <p class='ocr_par' dir='ltr' id='par_1_12' title="bbox 450 3312 568 3372">
     <span class='ocr_line' id='line_1_30' title="bbox 450 3312 568 3372; baseline 0.017 -2"><span class='ocrx_word' id='word_1_183' title='bbox 450 3312 568 3372; x_wconf 75' lang='lat'>246</span> 
     </span>
    </p>
   </div>
  </div>
 </body>
</html>
