2511 3938
1143 323 1590 382 CLAUDIAN

350 538 360 549 ,
466 503 708 544 sumere
735 503 850 544 nec
876 492 1041 544 totas
1068 484 1343 543 audebat
1368 492 1610 543 vertere
1637 484 1828 562 leges·

466 599 533 652 at
558 600 887 671 postquam
912 590 1224 670 pulsisque
1251 592 1425 649 bonis
1455 599 1521 649 et
1545 590 1720 650 faece
1746 599 1995 650 retenta

463 703 703 778 peiores
731 698 884 777 legit
910 702 1101 757 socios
1129 698 1473 776 dignusque
1501 696 1748 756 satelles

465 806 605 865 hinc
632 806 857 865 Hosius
884 810 1083 876 stetit,
1110 805 1254 864 inde
1284 804 1434 875 Le0‚
1462 805 1684 864 fiducia
1709 808 1901 864 crevit

463 915 886 994 regnandique
912 913 1117 992 palam
1144 913 1427 992 flagravit
1454 922 1671 991 aperta
1695 913 1903 973 libido.
2164 923 2268 972 560

463 1025 776 1101 patriciuS,
802 1021 1013 1081 consul
1037 1020 1308 1080 maculat
1335 1041 1485 1099 quos
1512 1022 1725 1079 vendit
1752 1021 2031 1092 honores,

462 1128 599 1207 plus
625 1128 894 1187 maculat
921 1123 1072 1207 quos
1098 1131 1230 1206 ipse
1257 1131 1439 1206 gerit.
1518 1130 1642 1186 iam
1667 1130 1843 1206 signa
1870 1130 2182 1207 tubaeque

463 1236 845 1306 mollescunt,
872 1240 1032 1315 ipsos
1060 1240 1305 1315 ignavia
1331 1235 1510 1294 fluxit
1534 1240 1599 1294 in
1627 1256 1823 1295 enses,

464 1342 749 1402 exultant
774 1346 995 1401 merito
1021 1350 1243 1421 gentes
1270 1341 1585 1420 facilisque
1612 1341 1843 1400 volenti

459 1450 692 1528 praeda
718 1471 946 1509 sumus.
1025 1454 1149 1508 iam
1176 1450 1461 1508 Bistoniis
1496 1448 1861 1527 Haemoque
1899 1448 2082 1507 nivali
2159 1459 2262 1507 565

460 1558 688 1615 vastior
715 1556 982 1635 expulsis
1011 1556 1229 1616 Oriens
1258 1555 1586 1635 squalescit
1614 1560 1850 1615 aratris,

461 1668 518 1722 ei
544 1665 714 1735 mihi,
742 1685 893 1743 quas
922 1665 1103 1724 urbes
1132 1673 1199 1723 et
1225 1672 1459 1743 quanto
1487 1672 1766 1743 tempore
1796 1663 2016 1721 Martis

457 1775 701 1850 ignaras
729 1792 850 1831 uno
878 1781 1215 1851 rapuerunt
1239 1771 1473 1851 proelia
1499 1793 1677 1831 cursu
1703 1772 1717 1830 1

458 1898 655 1956 nuper
680 1880 760 1939 ab
788 1888 1067 1940 extremo
1093 1884 1346 1939 veniens
1374 1884 1686 1958 equitatus
1715 1879 1920 1937 Araxe

458 1992 680 2047 terruit
707 1988 997 2047 Antiochi
1022 2009 1247 2060 muroS,
1274 1992 1599 2067 ipsumque
1626 1988 1884 2047 decorae
2156 1997 2260 2046 570

454 2115 656 2175 paene
683 2105 871 2174 caput
898 2096 1110 2176 Syriae
1138 2095 1397 2154 flammis
1425 2095 1745 2156 hostilibus
1774 2098 1941 2154 arsit.

455 2212 652 2282 utque
681 2207 881 2283 gravis
911 2203 1115 2282 spoliis
1144 2203 1436 2282 nulloque
1465 2204 1754 2263 obstante
1782 2201 2087 2280 profunda

453 2310 653 2370 laetus
682 2311 873 2370 caede
898 2312 1082 2381 redit,
1110 2315 1389 2389 sequitur
1414 2330 1704 2369 mucrone
1730 2309 1998 2369 secundo

454 2423 813 2478 continuum
839 2418 1055 2478 vulnus
1082 2438 1098 2489 ;
1146 2438 1263 2477 nec
1288 2421 1412 2476 iam
1438 2417 1588 2475 mihi
1616 2417 1920 2476 Caucasus
1949 2417 2156 2476 hostes

455 2545 567 2584 nec
594 2528 792 2584 mittit
815 2524 1054 2603 gelidus
1083 2524 1294 2584 Phasis
1321 2544 1338 2595 ;
1381 2533 1715 2583 nascuntur
1738 2527 1804 2582 in
1828 2528 1961 2602 ipso
2154 2533 2258 2582 575

453 2632 615 2692 bella
641 2636 796 2692 sinu.
875 2632 1037 2712 legio
1062 2634 1304 2711 pridem
1332 2633 1607 2691 Romana
1636 2631 2008 2710 Gruthungi,

451 2743 585 2799 iura
611 2740 831 2818 quibus
857 2742 1033 2798 victis
1059 2739 1363 2809 dedimus,
1391 2741 1612 2818 quibus
1641 2759 1784 2797 arva
1810 2739 2150 2817 domusque

449 2846 864 2925 praebuimuS,
894 2846 1099 2926 Lydos
1127 2848 1438 2925 Asiaeque
1467 2847 1774 2906 uberrima
1799 2854 2047 2905 vastant

448 2954 692 3032 ignibus
720 2962 786 3012 et
812 2957 863 3011 si
890 2955 1038 3032 quid
1064 2962 1406 3032 tempestas
1431 2957 1630 3032 prima
1656 2952 1923 3032 reliquit.

450 3079 564 3119 nec
590 3063 649 3118 vi
675 3079 789 3118 nec
815 3080 1070 3120 numero
1096 3060 1243 3119 freti
1269 3079 1285 3130 ;
1334 3061 1445 3119 sed
1470 3064 1693 3120 inertia
1719 3064 1916 3120 nutrit
2153 3071 2258 3120 580

447 3168 838 3245 proditioque
865 3167 1110 3238 ducum,
1139 3187 1399 3246 quorum
1424 3187 1537 3245 per
1562 3172 1814 3227 crimina
1839 3167 2012 3227 miles

449 3260 567 3319 226
