2511 3938
1219 335 1667 395 CLAUDIAN

543 495 782 573 pondus
813 505 880 555 et
908 500 1206 555 attonitas
1235 516 1436 555 sermo
1466 500 1571 575 qui
1599 498 1857 555 duceret
1885 516 2083 555 aures·
2288 507 2356 556 20

544 617 688 656 mox
716 599 950 658 undare
976 598 1109 658 foro
1136 603 1356 658 victrix
1385 599 1701 678 opulentia
1726 599 1975 678 linguae

543 704 861 779 tutarique
889 721 1046 760 reos,
1125 705 1259 780 ipsa
1286 701 1440 760 haec
1470 700 1842 779 amplissima
1870 702 2047 760 sedes

543 811 825 861 orantem
852 808 1113 883 stupuit,
1141 805 1233 863 bis
1261 804 1588 863 laudatura
1614 813 1961 882 regentem.

544 902 685 963 hinc
711 913 777 963 te
802 925 943 984 pars
973 905 1208 984 Libyae
1236 906 1663 965 moderantem
1686 909 1821 964 iura
1844 905 2152 984 probavit,

544 1024 705 1083 quae
731 1026 893 1064 nunc
919 1014 1055 1065 tota
1078 1007 1304 1085 probat
1325 1025 1340 1076 ;
1385 1006 1553 1085 longi
1579 1006 1690 1065 sed
1713 1010 1936 1085 pignus
1965 1010 2187 1064 amoris
2287 1016 2358 1066 25

545 1110 809 1185 exiguae
836 1127 1136 1186 peperere
1166 1128 1375 1167 morae
1403 1108 1823 1187 populumque
1852 1108 2144 1167 clientem

543 1208 789 1287 publica
815 1212 1114 1268 mansuris
1142 1217 1457 1269 testantur
1482 1210 1730 1269 vocibus
1760 1230 1924 1270 aera.

543 1311 690 1369 inde
715 1311 830 1369 tibi
860 1311 1181 1370 Macetum
1207 1299 1390 1370 tellus
1419 1320 1486 1370 et
1510 1312 1747 1371 credita
1775 1312 1982 1372 Pellae

545 1416 809 1484 moenia,
838 1433 999 1491 quae
1026 1412 1292 1472 famulus
1322 1414 1633 1492 quondam
1661 1414 1885 1474 ditavit
1913 1414 2245 1494 Hydaspes
2273 1436 2289 1487 3

544 1522 847 1594 tantaque
875 1520 1234 1575 commissae
1262 1520 1562 1576 revocasti
1590 1517 1818 1596 gaudia
1845 1522 2020 1596 genti
2286 1528 2358 1580 30

546 1617 796 1676 mitibus
825 1617 1111 1689 arbitriis,
1138 1627 1443 1697 quantum
1469 1619 1742 1678 bellante
1772 1618 2054 1699 Philippo

545 1718 751 1779 floruit
775 1729 886 1779 aut
910 1724 1069 1799 nigri
1094 1721 1318 1780 cecidit
1343 1742 1483 1780 cum
1507 1725 1680 1801 regia
1707 1720 1866 1781 Pori.

619 1821 743 1882 Sed
767 1843 891 1881 non
916 1822 1172 1882 ulterius
1199 1832 1267 1882 te
1291 1824 1581 1902 praebuit
1606 1825 1858 1883 urbibus
1886 1824 2026 1883 aula
2053 1845 2068 1884 ε

542 1924 760 1985 maluit
789 1944 922 1984 esse
951 1945 1130 1985 suum
1156 1944 1172 1997 ;
1223 1930 1403 1987 terris
1434 1927 1637 1987 edicta
1666 1928 1943 1999 daturuS,

541 2027 912 2106 supplicibus
941 2048 1234 2107 responsa
1263 2033 1454 2089 venis.
1533 2030 1778 2089 oracula
1806 2034 1969 2110 regis
2285 2042 2357 2091 35

543 2130 784 2208 eloquio
814 2150 1060 2189 crevere
1091 2139 1222 2203 tuo,
1251 2152 1367 2191 nec
1397 2132 1640 2210 dignius
1670 2152 1964 2212 umquam

543 2237 832 2292 maiestas
858 2238 1141 2293 meminit
1166 2255 1302 2294 sese
1331 2234 1608 2294 Romana
1633 2235 1924 2294 locutam.

541 2333 683 2394 hinc
708 2355 918 2395 sacrae
945 2336 1318 2395 mandantur
1344 2356 1492 2416 opes
1520 2337 1805 2416 orbisque
1832 2338 2069 2397 tributa

523 2441 824 2516 possessi,
854 2438 1153 2516 quidquid
1180 2437 1378 2498 fluviis
1409 2439 1707 2498 evolvitur
1736 2443 1889 2510 auri,

517 2558 520 2561 ·
541 2541 842 2620 quidquid
866 2540 1003 2599 luce
1029 2541 1240 2619 procul
1267 2561 1453 2600 venas
1481 2545 1705 2600 rimata
1731 2561 2025 2621 sequaces
2288 2554 2362 2603 40

546 2643 758 2702 abdita
785 2642 1073 2721 pallentis
1102 2641 1264 2701 fodit
1293 2643 1562 2701 sollertia
1591 2643 1782 2702 Bessi.

619 2746 712 2803 Ac
739 2745 910 2804 velut
938 2754 1187 2804 exertus
1214 2745 1524 2804 lentandis
1551 2749 1764 2804 navita
1790 2748 1982 2804 tonsis

541 2846 893 2926 praeficitur
917 2846 1099 2905 lateri
1125 2856 1330 2906 custos
1357 2867 1373 2916 3
1422 2846 1563 2906 hinc
1592 2848 1783 2907 ardua
1807 2867 2026 2926 prorae

543 2957 855 3027 temperat
885 2957 951 3007 et
979 2948 1200 3008 fluctus
1230 2958 1765 3030 tempestatesque
1793 2949 2033 3008 futuras

543 3052 765 3118 edocet
790 3069 805 3120 ;
856 3050 1110 3109 adsiduo
1139 3072 1281 3110 cum
1309 3052 1544 3111 Dorida
1571 3056 1786 3111 vicerit
1812 3073 1948 3122 usu,
2288 3064 2363 3113 45

542 3158 666 3212 iam
692 3152 931 3212 clavum
958 3162 1283 3233 totamque
1311 3153 1477 3213 subit
1501 3162 1793 3233 torquere
1820 3157 2091 3213 carinam
2117 3174 2131 3212 τ

546 3281 664 3333 340
