2511 3938
1199 400 1645 460 CLAUDIAN

520 561 722 622 haesit
750 570 817 620 et
845 561 1120 639 Alpheus
1150 561 1383 619 Geticis
1412 569 1708 639 angustus
1737 563 1966 617 acervis

522 661 754 719 tardior
783 661 863 720 ad
890 659 1119 718 Siculos
1149 663 1503 717 etiamnunc
1530 662 1736 737 pergit
1764 678 2021 716 amoreS.

602 759 903 817 Miramur
930 759 1157 836 rapidis
1188 759 1433 817 hostem
1462 759 1859 816 succumbere
1889 756 2086 826 benis,

520 878 660 919 eum
686 858 814 918 solo
841 867 1075 916 terrore
1102 867 1287 916 ruant
1312 858 1336 915 ?
1417 877 1541 915 non
1566 857 1814 915 classica
1842 857 2086 914 Francis

518 956 835 1016 intulimus
864 977 878 1015 ι
926 960 1170 1015 iacuere
1199 965 1434 1015 tamen.
1512 976 1636 1014 non
1668 955 1875 1014 Marte
1904 954 2139 1013 Suebos
2236 961 2334 1010 190

521 1057 931 1125 contudimus,
962 1060 1096 1134 quis
1124 1059 1258 1113 iura
1287 1055 1525 1118 damus·
1605 1058 1738 1133 quis
1768 1054 2018 1113 credere
2047 1056 2247 1131 possit
2275 1054 2298 1110 ?

524 1164 670 1214 ante
698 1158 916 1214 tubam
943 1156 1117 1214 nobis
1146 1156 1351 1213 audax
1380 1154 1713 1212 Germania
1738 1156 1946 1212 servit.

522 1254 771 1324 cedant,
804 1254 1027 1323 Druse,
1057 1258 1171 1323 tui,
1201 1254 1451 1324 cedant,
1480 1254 1761 1323 Traiane,
1790 1235 2029 1310 labores
2058 1271 2072 1310 ε

522 1361 729 1410 vestra
755 1372 972 1410 manus
1001 1352 1187 1411 dubio
1217 1352 1517 1429 quidquid
1544 1352 1888 1409 discrimine
1916 1352 2131 1429 gessit,

523 1458 941 1509 transcurrens
973 1455 1104 1528 egit
1133 1451 1386 1509 Stilicho
1416 1452 1803 1528 totidemque
1834 1450 2051 1508 diebus
2157 1450 2165 1457 ’
2236 1458 2335 1507 195

525 1550 801 1608 edomuit
827 1549 1132 1619 Rhenum,
1159 1559 1313 1627 quot
1337 1571 1442 1608 vos
1467 1553 1753 1628 potuistis
1778 1553 1842 1606 in
1868 1551 2040 1606 annis
2067 1566 2082 1617 ;

524 1669 710 1728 quem
737 1648 921 1719 ferro,
945 1649 1242 1727 adloquiis
1266 1669 1281 1719 ;
1325 1669 1512 1727 quem
1540 1670 1644 1707 vos
1674 1669 1814 1707 cum
1842 1647 2059 1717 milite,
2089 1646 2279 1706 solus.

524 1751 786 1825 impiger
815 1768 852 1805 a
880 1751 1077 1825 primo
1106 1748 1488 1807 descendens
1517 1747 1781 1805 fluminis
1811 1755 1950 1805 ortu

526 1847 606 1906 ad
630 1845 848 1905 bifidos
876 1854 1110 1904 tractus
1139 1855 1205 1904 et
1230 1850 1442 1904 iuncta
1467 1846 1792 1925 paludibus
1819 1865 1926 1903 ora

523 1943 887 2003 fulmineum
908 1947 1272 2022 perstrinxit
1292 1948 1414 2003 iter
1434 1963 1449 2015 3
1484 1944 1653 2003 ducis
1675 1948 1945 2022 impetus
1969 1943 2166 2003 undas
2232 1951 2336 2002 200

522 2044 810 2101 vincebat
836 2043 1088 2113 celereS,
1117 2051 1183 2101 et
1208 2062 1333 2121 pax
1362 2063 1399 2100 a
1423 2042 1598 2101 fonte
1624 2042 1904 2120 profecta

523 2163 662 2202 cum
690 2142 889 2200 Rheni
915 2143 1231 2200 crescebat
1259 2145 1453 2219 aquis.
1532 2146 1809 2220 ingentia
1837 2141 2149 2220 quondam

522 2246 791 2312 nomina,
820 2245 1119 2320 crinigero
1150 2240 1450 2299 flaventes
1481 2245 1709 2299 vertice
1739 2260 1940 2319 regeS,

523 2343 629 2418 qui
656 2360 770 2398 nec
796 2340 1169 2417 principibus
1196 2339 1371 2398 donis
1398 2341 1804 2417 precibusque
1832 2342 2033 2397 vocati

521 2447 877 2516 paruerant,
906 2441 1051 2495 iussi
1080 2445 1416 2515 properant
1445 2442 1743 2516 segnique
1774 2447 2065 2499 verentur
2235 2448 2337 2496 205

522 2534 846 2594 offendisse
879 2554 1086 2605 mora;
1128 2539 1461 2594 transvecti
1493 2536 1775 2595 lintribus
1809 2556 2055 2594 amnem

521 2642 843 2693 occursant
871 2634 1241 2711 ubicumque
1272 2632 1440 2692 velit.
1520 2654 1634 2693 nec
1661 2634 1828 2693 fama
1855 2632 2079 2692 fefellit

519 2735 794 2790 iustitiae
818 2751 832 2790 ι
874 2732 1081 2790 videre
1110 2736 1303 2810 pium,
1331 2731 1539 2790 videre
1570 2732 1837 2792 fidelem.

522 2850 709 2908 quem
738 2832 989 2888 veniens
1019 2833 1247 2900 timuit,
1278 2830 1520 2889 rediens
1552 2832 1895 2890 Germanus
1926 2835 2181 2891 amavit.

519 2929 604 2987 illi
633 2928 957 2999 terribiles,
987 2930 1206 3007 quibus
1235 2933 1363 2988 otia
1390 2931 1658 2988 vendere
1687 2949 1929 3008 semper
2237 2940 2339 2989 210

522 3047 652 3086 mos
681 3036 816 3085 erat
845 3036 911 3085 et
935 3026 1120 3087 foeda
1146 3032 1425 3106 requiem
1450 3030 1736 3087 mercede
1762 3032 2008 3106 pacisci,

522 3129 682 3184 natis
714 3124 1025 3184 obsidibus
1056 3145 1275 3203 pacem
1305 3135 1436 3184 tam
1465 3126 1739 3203 supplice
1769 3126 1945 3184 vultu

1204 3245 1223 3276 ¹
1258 3245 1343 3295 ete.
1369 3245 1658 3297 Arethusa.

524 3327 638 3385 378
