2511 3938
1105 308 1553 369 CLAUDIAN

343 495 363 518 *·
426 475 498 528 tu
528 471 677 529 mihi
705 471 832 530 dux
860 490 1124 550 semper,
1154 470 1428 541 Stilicho,
1457 478 1853 549 nostramque
1883 467 1980 527 vel
2014 468 2236 526 absens

427 570 747 643 experiere
776 565 984 625 fidem.
1063 564 1312 624 dabitur
1337 566 1451 624 tibi
1478 565 1692 624 debita
1716 564 1957 642 pridem
2135 570 2238 620 276

426 662 677 718 victima
704 680 718 717 ι
765 663 1072 737 promissis
1098 658 1283 738 longe
1308 657 1634 738 placabere
1662 654 1909 717 sacriS.”

505 753 761 812 Tristior
787 754 1145 812 Haemoniis
1172 752 1347 811 miles
1374 752 1681 832 digressus
1710 754 1788 811 ab
1816 754 1934 811 oris

429 849 735 926 tangebat
765 847 1086 906 Macetum
1114 847 1267 906 fines
1294 866 1623 925 murosque
1651 847 1919 917 subibat,

430 940 880 1013 Thessalonica,
908 950 1070 1000 tuos.
1149 959 1333 999 sensu
1360 939 1531 999 dolor
1558 939 1775 998 haeret
1798 944 1864 998 in
1891 939 2018 999 alto
2136 948 2238 997 280

432 1035 678 1095 abditus
708 1045 774 1095 et
800 1040 1022 1095 tacitas
1049 1036 1358 1094 vindictae
1383 1039 1719 1114 praestruit
1743 1039 1887 1106 iraS,

432 1139 873 1210 spectaturque
898 1130 1114 1189 favens
1141 1131 1295 1189 odiis
1321 1130 1488 1189 locus
1516 1137 1789 1209 aptaque
1815 1130 1943 1189 leto

435 1232 735 1305 tempora.
815 1245 930 1284 nec
957 1229 1284 1305 quisquam
1310 1232 1490 1283 tanta
1516 1224 1596 1283 de
1621 1225 1788 1302 pube
1815 1232 2120 1302 repertus,

431 1320 726 1398 proderet
748 1322 1012 1378 incautis
1040 1322 1146 1398 qui
1171 1318 1357 1377 corda
1383 1320 1683 1376 minantia
1708 1319 1928 1377 verbis·

435 1432 596 1494 quae
623 1435 748 1473 non
773 1418 1125 1493 posteritaS,
1153 1433 1313 1492 quae
1341 1433 1465 1471 non
1491 1414 1813 1471 mirabitur
1839 1421 2012 1471 aetas
2140 1422 2240 1470 285

434 1512 597 1567 tanti
624 1509 940 1567 consilium
966 1508 1133 1586 vulgi
1159 1511 1433 1585 potuisse
1462 1510 1655 1565 taceri

437 1612 547 1661 aut
571 1602 807 1661 facinus
835 1610 967 1661 tam
993 1602 1228 1680 grande
1257 1604 1388 1678 tegi
1417 1603 1765 1678 mentisque
1792 1599 2057 1660 calorem

435 1716 559 1754 non
585 1715 866 1754 sermone
893 1698 1052 1765 viae,
1078 1715 1202 1753 non
1227 1697 1392 1752 inter
1416 1692 1636 1771 pocula
1662 1697 1863 1773 rumpi
1888 1694 1912 1753 ἓ

438 1789 711 1868 aequalis
739 1797 982 1848 tantam
1008 1792 1214 1847 tenuit
1240 1790 1589 1846 constantia
1614 1790 1863 1847 turbam

439 1893 506 1942 et
530 1882 650 1942 fuit
678 1903 968 1942 arcanum
993 1881 1240 1960 popu10.
1320 1885 1695 1960 percurritur
1722 1882 2019 1955 HaemUS,
2145 1895 2247 1945 290

438 1978 741 2037 deseritur
769 1978 1067 2056 Rhodope
1093 1977 1523 2056 Thracumque
1549 1997 1661 2056 per
1689 1978 1882 2038 ardua
1906 1980 2198 2054 tendunt,

440 2072 635 2132 donec
663 2072 743 2131 ad
770 2070 1060 2131 Herculei
1085 2080 1457 2150 perventum
1482 2076 1743 2131 nominis
1771 2075 2009 2135 urbem.

520 2166 611 2226 Ut
636 2169 888 2226 cessisse
916 2166 1159 2235 ducem,
1183 2169 1433 2244 propius
1460 2169 1700 2226 venisse
1726 2167 2008 2228 cohortes

438 2264 689 2341 cognita
714 2261 957 2332 Rufino,
984 2280 1211 2339 magna
1236 2264 1472 2319 cervice
1499 2261 1844 2341 triumphat

439 2359 646 2414 omnia
671 2364 813 2415 tuta
837 2364 1008 2414 ratus
1035 2362 1471 2433 sceptrumque
1498 2376 1818 2433 capessere
1843 2356 2045 2417 fervet
2150 2368 2251 2417 295

443 2460 509 2510 et
535 2453 881 2509 coniuratos
909 2449 1192 2508 hortatur
1215 2469 1365 2508 voce
1392 2449 1648 2509 clientes
1677 2470 1691 2509 ε

442 2554 481 2582 “
505 2548 780 2615 vicimuS,
809 2544 1176 2622 expulimUS,
1201 2542 1395 2603 facilis
1419 2548 1545 2602 iam
1571 2549 1746 2624 copia
1771 2550 1967 2625 regni.

442 2639 643 2699 nullus
662 2640 742 2697 ab
758 2638 936 2698 hoste
954 2641 1158 2697 timor.
1223 2642 1358 2716 quis
1377 2642 1563 2710 enim,
1582 2659 1768 2718 quem
1784 2660 2037 2719 poscere
2054 2641 2252 2702 solum

444 2734 704 2804 horruit,
730 2733 892 2792 hunc
917 2742 1097 2792 tanto
1123 2736 1432 2791 munitum
1459 2733 1653 2792 milite
1681 2738 1886 2794 vincat
1910 2736 1935 2794 ?

447 2833 582 2908 quis
609 2827 774 2886 ferat
803 2836 1131 2897 armatum,
1159 2846 1348 2905 quem
1376 2848 1499 2886 non
1526 2832 1839 2906 superavit
1863 2832 2211 2892 inermem?

446 2928 469 2984 i
494 2945 679 2994 nunc,
708 2926 968 2982 exitium
992 2924 1169 2981 nobis
1196 2923 1499 2981 meditare
1526 2933 1800 2983 remotus
2150 2937 2249 2987 301

542 3159 562 3191 1
600 3157 873 3222 Probably
898 3154 1178 3215 Heraclea,
1200 3160 1260 3206 at
1281 3156 1374 3207 the
1397 3162 1525 3208 west
1548 3158 1652 3209 end
1677 3159 1738 3210 of
1755 3161 1848 3212 the
1872 3162 2171 3228 Propontis

452 3242 527 3299 78
