<?xml version="1.0" encoding="UTF-8"?>
<!DOCTYPE html PUBLIC "-//W3C//DTD XHTML 1.0 Transitional//EN"
    "http://www.w3.org/TR/xhtml1/DTD/xhtml1-transitional.dtd">
<html xmlns="http://www.w3.org/1999/xhtml" xml:lang="en" lang="en">
 <head>
  <title>
</title>
<meta http-equiv="Content-Type" content="text/html;charset=utf-8" />
  <meta name='ocr-system' content='tesseract 3.04.00' />
  <meta name='ocr-capabilities' content='ocr_page ocr_carea ocr_par ocr_line ocrx_word'/>
</head>
<body>
  <div class='ocr_page' id='page_1' title='image "./claudianvolume00claugoog_0304.png"; bbox 0 0 2511 3938; ppageno 0'>
   <div class='ocr_carea' id='block_1_1' title="bbox 1141 338 1590 398">
    <p class='ocr_par' dir='ltr' id='par_1_1' title="bbox 1141 338 1590 398">
     <span class='ocr_line' id='line_1_1' title="bbox 1141 338 1590 398; baseline -0.004 0"><span class='ocrx_word' id='word_1_1' title='bbox 1141 338 1590 398; x_wconf 94' lang='lat' dir='ltr'><strong>CLAUDIAN</strong></span> 
     </span>
    </p>
   </div>
   <div class='ocr_carea' id='block_1_2' title="bbox 445 496 2292 3237">
    <p class='ocr_par' dir='ltr' id='par_1_2' title="bbox 445 496 2292 3237">
     <span class='ocr_line' id='line_1_2' title="bbox 460 496 1865 578; baseline -0.005 -17"><span class='ocrx_word' id='word_1_2' title='bbox 460 505 782 561; x_wconf 89' lang='lat' dir='ltr'><strong>intremuit</strong></span> <span class='ocrx_word' id='word_1_3' title='bbox 812 504 1127 578; x_wconf 81' lang='lat' dir='ltr'><strong>movitque</strong></span> <span class='ocrx_word' id='word_1_4' title='bbox 1158 519 1299 558; x_wconf 89' lang='lat' dir='ltr'><strong>suas</strong></span> <span class='ocrx_word' id='word_1_5' title='bbox 1328 496 1655 557; x_wconf 85' lang='lat' dir='ltr'><strong>formidine</strong></span> <span class='ocrx_word' id='word_1_6' title='bbox 1686 498 1865 555; x_wconf 89' lang='lat' dir='ltr'><strong>silvas</strong></span> 
     </span>
     <span class='ocr_line' id='line_1_3' title="bbox 464 595 2274 676; baseline -0.004 -18"><span class='ocrx_word' id='word_1_7' title='bbox 464 600 769 658; x_wconf 84' lang='lat' dir='ltr'><strong>Caucasus</strong></span> <span class='ocrx_word' id='word_1_8' title='bbox 802 598 869 657; x_wconf 91' lang='lat' dir='ltr'><strong>et</strong></span> <span class='ocrx_word' id='word_1_9' title='bbox 895 602 1109 676; x_wconf 90' lang='lat' dir='ltr'><strong>positis</strong></span> <span class='ocrx_word' id='word_1_10' title='bbox 1140 617 1372 655; x_wconf 91' lang='lat' dir='ltr'><strong>numen</strong></span> <span class='ocrx_word' id='word_1_11' title='bbox 1400 595 1679 655; x_wconf 90' lang='lat' dir='ltr'><strong>confessa</strong></span> <span class='ocrx_word' id='word_1_12' title='bbox 1706 595 2012 673; x_wconf 79' lang='lat' dir='ltr'><strong>pharetris</strong></span> <span class='ocrx_word' id='word_1_13' title='bbox 2204 603 2274 652; x_wconf 90' lang='grc'><strong>20</strong></span> 
     </span>
     <span class='ocr_line' id='line_1_4' title="bbox 461 696 1801 778; baseline -0.004 -21"><span class='ocrx_word' id='word_1_14' title='bbox 461 703 714 778; x_wconf 90' lang='lat' dir='ltr'><strong>ignavas</strong></span> <span class='ocrx_word' id='word_1_15' title='bbox 747 699 966 756; x_wconf 69' lang='lat' dir='ltr'><strong>Meroe</strong></span> <span class='ocrx_word' id='word_1_16' title='bbox 995 701 1189 756; x_wconf 83' lang='lat' dir='ltr'>traxit</span> <span class='ocrx_word' id='word_1_17' title='bbox 1216 696 1297 755; x_wconf 91' lang='lat' dir='ltr'><strong>de</strong></span> <span class='ocrx_word' id='word_1_18' title='bbox 1324 699 1491 754; x_wconf 93' lang='lat' dir='ltr'><strong>crine</strong></span> <span class='ocrx_word' id='word_1_19' title='bbox 1519 699 1801 774; x_wconf 78' lang='lat' dir='ltr'><strong>sagittas,</strong></span> 
     </span>
     <span class='ocr_line' id='line_1_5' title="bbox 462 803 1910 877; baseline -0.004 -20"><span class='ocrx_word' id='word_1_20' title='bbox 462 803 725 877; x_wconf 79' lang='lat' dir='ltr'><strong>reptasti</strong></span> <span class='ocrx_word' id='word_1_21' title='bbox 742 818 856 876; x_wconf 90' lang='lat' dir='ltr'><strong>per</strong></span> <span class='ocrx_word' id='word_1_22' title='bbox 875 806 1051 856; x_wconf 91' lang='lat' dir='ltr'><strong>scuta</strong></span> <span class='ocrx_word' id='word_1_23' title='bbox 1068 817 1243 875; x_wconf 92' lang='lat' dir='ltr'><strong>puer,</strong></span> <span class='ocrx_word' id='word_1_24' title='bbox 1264 815 1607 874; x_wconf 89' lang='lat' dir='ltr'><strong>regumque</strong></span> <span class='ocrx_word' id='word_1_25' title='bbox 1627 803 1910 853; x_wconf 85' lang='lat' dir='ltr'><strong>recentes</strong></span> 
     </span>
     <span class='ocr_line' id='line_1_6' title="bbox 467 892 1965 972; baseline -0.004 -15"><span class='ocrx_word' id='word_1_26' title='bbox 467 902 725 957; x_wconf 88' lang='lat' dir='ltr'><strong>exuviae</strong></span> <span class='ocrx_word' id='word_1_27' title='bbox 756 898 870 955; x_wconf 91' lang='lat' dir='ltr'><strong>tibi</strong></span> <span class='ocrx_word' id='word_1_28' title='bbox 899 896 1078 955; x_wconf 90' lang='lat' dir='ltr'><strong>ludus</strong></span> <span class='ocrx_word' id='word_1_29' title='bbox 1111 904 1310 966; x_wconf 88' lang='lat' dir='ltr'><strong>erant,</strong></span> <span class='ocrx_word' id='word_1_30' title='bbox 1338 899 1695 972; x_wconf 90' lang='lat' dir='ltr'><strong>primusque</strong></span> <span class='ocrx_word' id='word_1_31' title='bbox 1726 892 1965 952; x_wconf 86' lang='lat' dir='ltr'><strong>solebas</strong></span> 
     </span>
     <span class='ocr_line' id='line_1_7' title="bbox 467 990 2040 1073; baseline -0.004 -21"><span class='ocrx_word' id='word_1_32' title='bbox 467 1014 685 1073; x_wconf 89' lang='lat' dir='ltr'><strong>aspera</strong></span> <span class='ocrx_word' id='word_1_33' title='bbox 714 993 1041 1072; x_wconf 85' lang='lat' dir='ltr'><strong>complecti</strong></span> <span class='ocrx_word' id='word_1_34' title='bbox 1070 1002 1315 1052; x_wconf 87' lang='lat' dir='ltr'><strong>torvum</strong></span> <span class='ocrx_word' id='word_1_35' title='bbox 1343 999 1486 1070; x_wconf 89' lang='lat' dir='ltr'><strong>post</strong></span> <span class='ocrx_word' id='word_1_36' title='bbox 1513 990 1747 1069; x_wconf 91' lang='lat' dir='ltr'><strong>proelia</strong></span> <span class='ocrx_word' id='word_1_37' title='bbox 1774 997 2040 1068; x_wconf 88' lang='lat' dir='ltr'><strong>patrem,</strong></span> 
     </span>
     <span class='ocr_line' id='line_1_8' title="bbox 467 1088 2275 1174; baseline -0.004 -23"><span class='ocrx_word' id='word_1_38' title='bbox 467 1098 642 1174; x_wconf 88' lang='lat' dir='ltr'><strong>signa</strong></span> <span class='ocrx_word' id='word_1_39' title='bbox 671 1094 1053 1171; x_wconf 90' lang='lat' dir='ltr'><strong>triumphato</strong></span> <span class='ocrx_word' id='word_1_40' title='bbox 1085 1095 1371 1170; x_wconf 91' lang='lat' dir='ltr'><strong>quotiens</strong></span> <span class='ocrx_word' id='word_1_41' title='bbox 1402 1089 1678 1149; x_wconf 88' lang='lat' dir='ltr'><strong>flexisset</strong></span> <span class='ocrx_word' id='word_1_42' title='bbox 1709 1090 1787 1148; x_wconf 93' lang='lat' dir='ltr'><strong>ab</strong></span> <span class='ocrx_word' id='word_1_43' title='bbox 1820 1088 2032 1147; x_wconf 90' lang='lat' dir='ltr'><strong>Histro</strong></span> <span class='ocrx_word' id='word_1_44' title='bbox 2205 1096 2275 1144; x_wconf 84' lang='lat'><strong>25</strong></span> 
     </span>
     <span class='ocr_line' id='line_1_9' title="bbox 468 1190 1940 1270; baseline -0.005 -19"><span class='ocrx_word' id='word_1_45' title='bbox 468 1193 698 1252; x_wconf 90' lang='lat' dir='ltr'><strong>Arctoa</strong></span> <span class='ocrx_word' id='word_1_46' title='bbox 726 1193 805 1250; x_wconf 91' lang='lat' dir='ltr'><strong>de</strong></span> <span class='ocrx_word' id='word_1_47' title='bbox 833 1200 1041 1270; x_wconf 88' lang='lat' dir='ltr'><strong>strage</strong></span> <span class='ocrx_word' id='word_1_48' title='bbox 1069 1190 1295 1260; x_wconf 81' lang='lat' dir='ltr'><strong>calenS,</strong></span> <span class='ocrx_word' id='word_1_49' title='bbox 1325 1198 1392 1248; x_wconf 91' lang='lat' dir='ltr'><strong>et</strong></span> <span class='ocrx_word' id='word_1_50' title='bbox 1415 1208 1668 1267; x_wconf 90' lang='lat' dir='ltr'><strong>poscere</strong></span> <span class='ocrx_word' id='word_1_51' title='bbox 1694 1196 1940 1266; x_wconf 87' lang='lat' dir='ltr'><strong>partem</strong></span> 
     </span>
     <span class='ocr_line' id='line_1_10' title="bbox 469 1286 1970 1370; baseline -0.005 -19"><span class='ocrx_word' id='word_1_52' title='bbox 469 1292 548 1351; x_wconf 91' lang='lat' dir='ltr'><strong>de</strong></span> <span class='ocrx_word' id='word_1_53' title='bbox 576 1292 801 1370; x_wconf 84' lang='lat' dir='ltr'><strong>spoliiS,</strong></span> <span class='ocrx_word' id='word_1_54' title='bbox 831 1291 1145 1370; x_wconf 85' lang='lat' dir='ltr'><strong>Scythicos</strong></span> <span class='ocrx_word' id='word_1_55' title='bbox 1175 1310 1348 1348; x_wconf 91' lang='lat' dir='ltr'><strong>arcus</strong></span> <span class='ocrx_word' id='word_1_56' title='bbox 1378 1297 1487 1348; x_wconf 90' lang='lat' dir='ltr'><strong>aut</strong></span> <span class='ocrx_word' id='word_1_57' title='bbox 1512 1296 1692 1366; x_wconf 89' lang='lat' dir='ltr'><strong>rapta</strong></span> <span class='ocrx_word' id='word_1_58' title='bbox 1721 1286 1970 1345; x_wconf 90' lang='lat' dir='ltr'><strong>Gelonis</strong></span> 
     </span>
     <span class='ocr_line' id='line_1_11' title="bbox 468 1386 1874 1469; baseline -0.004 -20"><span class='ocrx_word' id='word_1_59' title='bbox 468 1390 713 1469; x_wconf 90' lang='lat' dir='ltr'><strong>cingula</strong></span> <span class='ocrx_word' id='word_1_60' title='bbox 740 1389 838 1449; x_wconf 89' lang='lat' dir='ltr'><strong>vel</strong></span> <span class='ocrx_word' id='word_1_61' title='bbox 862 1388 1129 1448; x_wconf 93' lang='lat' dir='ltr'><strong>iaculum</strong></span> <span class='ocrx_word' id='word_1_62' title='bbox 1157 1389 1314 1447; x_wconf 88' lang='lat' dir='ltr'><strong>Daci</strong></span> <span class='ocrx_word' id='word_1_63' title='bbox 1340 1389 1438 1447; x_wconf 87' lang='lat' dir='ltr'><strong>vel</strong></span> <span class='ocrx_word' id='word_1_64' title='bbox 1463 1387 1639 1446; x_wconf 87' lang='lat' dir='ltr'><strong>frena</strong></span> <span class='ocrx_word' id='word_1_65' title='bbox 1666 1386 1874 1445; x_wconf 91' lang='lat' dir='ltr'><strong>Suebi.</strong></span> 
     </span>
     <span class='ocr_line' id='line_1_12' title="bbox 468 1487 1828 1566; baseline -0.004 -18"><span class='ocrx_word' id='word_1_66' title='bbox 468 1488 570 1548; x_wconf 92' lang='grc'><strong>1116</strong></span> <span class='ocrx_word' id='word_1_67' title='bbox 601 1493 945 1548; x_wconf 88' lang='lat' dir='ltr'><strong>coruscanti</strong></span> <span class='ocrx_word' id='word_1_68' title='bbox 974 1489 1171 1566; x_wconf 91' lang='lat' dir='ltr'><strong>clipeo</strong></span> <span class='ocrx_word' id='word_1_69' title='bbox 1201 1497 1268 1546; x_wconf 91' lang='lat' dir='ltr'><strong>te</strong></span> <span class='ocrx_word' id='word_1_70' title='bbox 1299 1506 1486 1565; x_wconf 90' lang='lat' dir='ltr'><strong>saepe</strong></span> <span class='ocrx_word' id='word_1_71' title='bbox 1515 1487 1828 1545; x_wconf 88' lang='lat' dir='ltr'><strong>volentem</strong></span> 
     </span>
     <span class='ocr_line' id='line_1_13' title="bbox 445 1583 2281 1664; baseline -0.003 -18"><span class='ocrx_word' id='word_1_72' title='bbox 445 1589 720 1647; x_wconf 75' lang='lat' dir='ltr'><strong>sustulit</strong></span> <span class='ocrx_word' id='word_1_73' title='bbox 749 1588 1033 1646; x_wconf 90' lang='lat' dir='ltr'><strong>adridens</strong></span> <span class='ocrx_word' id='word_1_74' title='bbox 1064 1596 1130 1645; x_wconf 95' lang='lat' dir='ltr'><strong>et</strong></span> <span class='ocrx_word' id='word_1_75' title='bbox 1155 1595 1409 1664; x_wconf 89' lang='lat' dir='ltr'><strong>pectore</strong></span> <span class='ocrx_word' id='word_1_76' title='bbox 1435 1589 1659 1664; x_wconf 91' lang='lat' dir='ltr'><strong>pressit</strong></span> <span class='ocrx_word' id='word_1_77' title='bbox 1689 1583 1909 1643; x_wconf 92' lang='lat' dir='ltr'><strong>anhelo</strong></span> <span class='ocrx_word' id='word_1_78' title='bbox 2211 1591 2281 1641; x_wconf 89' lang='grc'><strong>30</strong></span> 
     </span>
     <span class='ocr_line' id='line_1_14' title="bbox 470 1685 1977 1765; baseline -0.003 -20"><span class='ocrx_word' id='word_1_79' title='bbox 470 1688 848 1765; x_wconf 91' lang='lat' dir='ltr'><strong>intrepidum</strong></span> <span class='ocrx_word' id='word_1_80' title='bbox 876 1685 1024 1744; x_wconf 86' lang='lat' dir='ltr'><strong>ferri</strong></span> <span class='ocrx_word' id='word_1_81' title='bbox 1051 1686 1268 1764; x_wconf 89' lang='lat' dir='ltr'><strong>galeae</strong></span> <span class='ocrx_word' id='word_1_82' title='bbox 1298 1706 1412 1744; x_wconf 91' lang='lat' dir='ltr'><strong>nec</strong></span> <span class='ocrx_word' id='word_1_83' title='bbox 1441 1689 1620 1744; x_wconf 90' lang='lat' dir='ltr'><strong>triste</strong></span> <span class='ocrx_word' id='word_1_84' title='bbox 1649 1688 1977 1743; x_wconf 91' lang='lat' dir='ltr'><strong>timentem</strong></span> 
     </span>
     <span class='ocr_line' id='line_1_15' title="bbox 471 1783 2122 1864; baseline -0.002 -21"><span class='ocrx_word' id='word_1_85' title='bbox 471 1784 678 1864; x_wconf 90' lang='lat' dir='ltr'><strong>fulgur</strong></span> <span class='ocrx_word' id='word_1_86' title='bbox 709 1794 774 1843; x_wconf 90' lang='lat' dir='ltr'><strong>et</strong></span> <span class='ocrx_word' id='word_1_87' title='bbox 805 1785 884 1843; x_wconf 91' lang='lat' dir='ltr'><strong>ad</strong></span> <span class='ocrx_word' id='word_1_88' title='bbox 914 1804 1182 1842; x_wconf 89' lang='lat' dir='ltr'><strong>summas</strong></span> <span class='ocrx_word' id='word_1_89' title='bbox 1213 1784 1582 1842; x_wconf 90' lang='lat' dir='ltr'><strong>tendentem</strong></span> <span class='ocrx_word' id='word_1_90' title='bbox 1610 1783 1860 1842; x_wconf 91' lang='lat' dir='ltr'><strong>brachia</strong></span> <span class='ocrx_word' id='word_1_91' title='bbox 1888 1786 2122 1841; x_wconf 78' lang='lat' dir='ltr'><strong>cristas,</strong></span> 
     </span>
     <span class='ocr_line' id='line_1_16' title="bbox 473 1881 2027 1961; baseline -0.002 -20"><span class='ocrx_word' id='word_1_92' title='bbox 473 1891 609 1941; x_wconf 93' lang='lat' dir='ltr'><strong>tum</strong></span> <span class='ocrx_word' id='word_1_93' title='bbox 636 1887 720 1941; x_wconf 90' lang='lat' dir='ltr'><strong>sic</strong></span> <span class='ocrx_word' id='word_1_94' title='bbox 747 1883 948 1941; x_wconf 91' lang='lat' dir='ltr'><strong>laetus</strong></span> <span class='ocrx_word' id='word_1_95' title='bbox 977 1887 1065 1940; x_wconf 91' lang='lat' dir='ltr'><strong>ait</strong></span> <span class='ocrx_word' id='word_1_96' title='bbox 1094 1903 1107 1941; x_wconf 74' lang='grc' dir='ltr'>ε</span> <span class='ocrx_word' id='word_1_97' title='bbox 1158 1892 1195 1919; x_wconf 85' lang='grc'><strong>“</strong></span> <span class='ocrx_word' id='word_1_98' title='bbox 1220 1903 1332 1940; x_wconf 86' lang='lat' dir='ltr'><strong>rex</strong></span> <span class='ocrx_word' id='word_1_99' title='bbox 1360 1904 1397 1941; x_wconf 97' lang='grc'><strong>0</strong></span> <span class='ocrx_word' id='word_1_100' title='bbox 1424 1881 1727 1941; x_wconf 91' lang='lat' dir='ltr'><strong>stellantis</strong></span> <span class='ocrx_word' id='word_1_101' title='bbox 1756 1881 2027 1961; x_wconf 85' lang='lat' dir='ltr'><strong>Olympi,</strong></span> 
     </span>
     <span class='ocr_line' id='line_1_17' title="bbox 473 1982 1824 2061; baseline -0.001 -20"><span class='ocrx_word' id='word_1_102' title='bbox 473 1985 613 2043; x_wconf 91' lang='lat' dir='ltr'><strong>talis</strong></span> <span class='ocrx_word' id='word_1_103' title='bbox 639 1985 987 2061; x_wconf 87' lang='lat' dir='ltr'><strong>perdomito</strong></span> <span class='ocrx_word' id='word_1_104' title='bbox 1014 1983 1234 2041; x_wconf 90' lang='lat' dir='ltr'><strong>redeat</strong></span> <span class='ocrx_word' id='word_1_105' title='bbox 1261 1982 1411 2040; x_wconf 92' lang='lat' dir='ltr'><strong>mihi</strong></span> <span class='ocrx_word' id='word_1_106' title='bbox 1439 1982 1595 2041; x_wconf 90' lang='lat' dir='ltr'><strong>filius</strong></span> <span class='ocrx_word' id='word_1_107' title='bbox 1623 1982 1824 2052; x_wconf 88' lang='lat' dir='ltr'><strong>hoste,</strong></span> 
     </span>
     <span class='ocr_line' id='line_1_18' title="bbox 475 2080 2284 2162; baseline -0.003 -21"><span class='ocrx_word' id='word_1_108' title='bbox 475 2083 793 2162; x_wconf 90' lang='lat' dir='ltr'><strong>Hyrcanas</strong></span> <span class='ocrx_word' id='word_1_109' title='bbox 822 2082 1153 2160; x_wconf 91' lang='lat' dir='ltr'><strong>populatus</strong></span> <span class='ocrx_word' id='word_1_110' title='bbox 1183 2101 1333 2159; x_wconf 91' lang='lat' dir='ltr'><strong>opes</strong></span> <span class='ocrx_word' id='word_1_111' title='bbox 1364 2091 1474 2140; x_wconf 90' lang='lat' dir='ltr'><strong>aut</strong></span> <span class='ocrx_word' id='word_1_112' title='bbox 1502 2080 1694 2140; x_wconf 90' lang='lat' dir='ltr'><strong>caede</strong></span> <span class='ocrx_word' id='word_1_113' title='bbox 1724 2080 2021 2158; x_wconf 89' lang='lat' dir='ltr'><strong>superbus</strong></span> <span class='ocrx_word' id='word_1_114' title='bbox 2215 2087 2284 2136; x_wconf 84' lang='lat'><strong>35</strong></span> 
     </span>
     <span class='ocr_line' id='line_1_19' title="bbox 475 2178 1943 2261; baseline -0.002 -21"><span class='ocrx_word' id='word_1_115' title='bbox 475 2183 747 2261; x_wconf 86' lang='lat' dir='ltr'><strong>Assyria,</strong></span> <span class='ocrx_word' id='word_1_116' title='bbox 776 2185 860 2240; x_wconf 91' lang='lat' dir='ltr'><strong>sic</strong></span> <span class='ocrx_word' id='word_1_117' title='bbox 891 2201 1037 2239; x_wconf 91' lang='lat' dir='ltr'><strong>ense</strong></span> <span class='ocrx_word' id='word_1_118' title='bbox 1065 2181 1314 2251; x_wconf 83' lang='lat' dir='ltr'><strong>rubenS‚</strong></span> <span class='ocrx_word' id='word_1_119' title='bbox 1343 2183 1427 2238; x_wconf 91' lang='lat' dir='ltr'><strong>sic</strong></span> <span class='ocrx_word' id='word_1_120' title='bbox 1455 2178 1702 2238; x_wconf 87' lang='lat' dir='ltr'><strong>flamine</strong></span> <span class='ocrx_word' id='word_1_121' title='bbox 1730 2180 1943 2237; x_wconf 90' lang='lat' dir='ltr'><strong>crebro</strong></span> 
     </span>
     <span class='ocr_line' id='line_1_20' title="bbox 476 2276 1875 2358; baseline -0.002 -22"><span class='ocrx_word' id='word_1_122' title='bbox 476 2281 757 2339; x_wconf 90' lang='lat' dir='ltr'><strong>turbidus</strong></span> <span class='ocrx_word' id='word_1_123' title='bbox 788 2288 853 2338; x_wconf 93' lang='lat' dir='ltr'><strong>et</strong></span> <span class='ocrx_word' id='word_1_124' title='bbox 881 2289 1059 2358; x_wconf 89' lang='lat' dir='ltr'><strong>grato</strong></span> <span class='ocrx_word' id='word_1_125' title='bbox 1087 2298 1400 2357; x_wconf 90' lang='lat' dir='ltr'><strong>respersus</strong></span> <span class='ocrx_word' id='word_1_126' title='bbox 1428 2276 1681 2355; x_wconf 91' lang='lat' dir='ltr'><strong>pulvere</strong></span> <span class='ocrx_word' id='word_1_127' title='bbox 1708 2276 1875 2347; x_wconf 89' lang='lat' dir='ltr'><strong>belli,</strong></span> 
     </span>
     <span class='ocr_line' id='line_1_21' title="bbox 478 2374 1885 2458; baseline -0.002 -21"><span class='ocrx_word' id='word_1_128' title='bbox 478 2399 770 2458; x_wconf 90' lang='lat' dir='ltr'><strong>armaque</strong></span> <span class='ocrx_word' id='word_1_129' title='bbox 802 2382 1010 2457; x_wconf 88' lang='lat' dir='ltr'><strong>gaviso</strong></span> <span class='ocrx_word' id='word_1_130' title='bbox 1041 2377 1274 2436; x_wconf 86' lang='lat' dir='ltr'><strong>referat</strong></span> <span class='ocrx_word' id='word_1_131' title='bbox 1304 2381 1549 2455; x_wconf 90' lang='lat' dir='ltr'><strong>captiva</strong></span> <span class='ocrx_word' id='word_1_132' title='bbox 1577 2374 1885 2454; x_wconf 90' lang='lat' dir='ltr'><strong>parenti.”</strong></span> 
     </span>
     <span class='ocr_line' id='line_1_22' title="bbox 558 2476 1874 2554; baseline -0.001 -20"><span class='ocrx_word' id='word_1_133' title='bbox 558 2478 711 2536; x_wconf 89' lang='lat' dir='ltr'><strong>Mox</strong></span> <span class='ocrx_word' id='word_1_134' title='bbox 739 2478 844 2535; x_wconf 94' lang='lat' dir='ltr'><strong>ubi</strong></span> <span class='ocrx_word' id='word_1_135' title='bbox 872 2476 1127 2534; x_wconf 89' lang='lat' dir='ltr'><strong>firmasti</strong></span> <span class='ocrx_word' id='word_1_136' title='bbox 1153 2484 1325 2534; x_wconf 90' lang='lat' dir='ltr'><strong>recto</strong></span> <span class='ocrx_word' id='word_1_137' title='bbox 1352 2479 1613 2554; x_wconf 86' lang='lat' dir='ltr'><strong>vestigia</strong></span> <span class='ocrx_word' id='word_1_138' title='bbox 1640 2495 1874 2554; x_wconf 88' lang='lat' dir='ltr'><strong>gressu,</strong></span> 
     </span>
     <span class='ocr_line' id='line_1_23' title="bbox 479 2573 2287 2635; baseline -0.003 0"><span class='ocrx_word' id='word_1_139' title='bbox 479 2598 601 2635; x_wconf 91' lang='lat' dir='ltr'><strong>non</strong></span> <span class='ocrx_word' id='word_1_140' title='bbox 628 2577 743 2634; x_wconf 93' lang='lat' dir='ltr'><strong>tibi</strong></span> <span class='ocrx_word' id='word_1_141' title='bbox 770 2576 1034 2635; x_wconf 88' lang='lat' dir='ltr'><strong>desidias</strong></span> <span class='ocrx_word' id='word_1_142' title='bbox 1062 2573 1276 2634; x_wconf 92' lang='lat' dir='ltr'><strong>molles</strong></span> <span class='ocrx_word' id='word_1_143' title='bbox 1304 2594 1418 2633; x_wconf 90' lang='lat' dir='ltr'><strong>nec</strong></span> <span class='ocrx_word' id='word_1_144' title='bbox 1446 2575 1716 2633; x_wconf 91' lang='lat' dir='ltr'><strong>marcida</strong></span> <span class='ocrx_word' id='word_1_145' title='bbox 1741 2573 1891 2632; x_wconf 87' lang='lat' dir='ltr'><strong>luxu</strong></span> <span class='ocrx_word' id='word_1_146' title='bbox 2217 2582 2287 2630; x_wconf 87' lang='lat'><strong>40</strong></span> 
     </span>
     <span class='ocr_line' id='line_1_24' title="bbox 479 2677 1877 2752; baseline -0.001 -19"><span class='ocrx_word' id='word_1_147' title='bbox 479 2679 607 2734; x_wconf 91' lang='lat' dir='ltr'><strong>otia</strong></span> <span class='ocrx_word' id='word_1_148' title='bbox 633 2695 748 2733; x_wconf 95' lang='lat' dir='ltr'><strong>nec</strong></span> <span class='ocrx_word' id='word_1_149' title='bbox 777 2694 1018 2733; x_wconf 87' lang='lat' dir='ltr'><strong>somnos</strong></span> <span class='ocrx_word' id='word_1_150' title='bbox 1047 2678 1293 2752; x_wconf 91' lang='lat' dir='ltr'><strong>genitor</strong></span> <span class='ocrx_word' id='word_1_151' title='bbox 1318 2677 1598 2752; x_wconf 88' lang='lat' dir='ltr'><strong>permisit</strong></span> <span class='ocrx_word' id='word_1_152' title='bbox 1623 2677 1877 2743; x_wconf 85' lang='lat' dir='ltr'><strong>inerteS,</strong></span> 
     </span>
     <span class='ocr_line' id='line_1_25' title="bbox 477 2773 2011 2850; baseline -0.001 -19"><span class='ocrx_word' id='word_1_153' title='bbox 477 2774 588 2832; x_wconf 92' lang='lat' dir='ltr'><strong>sed</strong></span> <span class='ocrx_word' id='word_1_154' title='bbox 616 2794 774 2831; x_wconf 91' lang='lat' dir='ltr'><strong>nova</strong></span> <span class='ocrx_word' id='word_1_155' title='bbox 800 2792 913 2850; x_wconf 92' lang='lat' dir='ltr'><strong>per</strong></span> <span class='ocrx_word' id='word_1_156' title='bbox 940 2773 1121 2831; x_wconf 90' lang='lat' dir='ltr'><strong>duros</strong></span> <span class='ocrx_word' id='word_1_157' title='bbox 1148 2775 1443 2832; x_wconf 84' lang='lat' dir='ltr'><strong>instruxit</strong></span> <span class='ocrx_word' id='word_1_158' title='bbox 1469 2773 1748 2832; x_wconf 90' lang='lat' dir='ltr'><strong>membra</strong></span> <span class='ocrx_word' id='word_1_159' title='bbox 1773 2773 2011 2830; x_wconf 90' lang='lat' dir='ltr'><strong>labores</strong></span> 
     </span>
     <span class='ocr_line' id='line_1_26' title="bbox 479 2870 1802 2931; baseline -0.002 0"><span class='ocrx_word' id='word_1_160' title='bbox 479 2881 545 2931; x_wconf 93' lang='lat' dir='ltr'><strong>et</strong></span> <span class='ocrx_word' id='word_1_161' title='bbox 573 2871 761 2930; x_wconf 91' lang='lat' dir='ltr'><strong>cruda</strong></span> <span class='ocrx_word' id='word_1_162' title='bbox 788 2880 1035 2929; x_wconf 90' lang='lat' dir='ltr'><strong>teneras</strong></span> <span class='ocrx_word' id='word_1_163' title='bbox 1065 2874 1343 2929; x_wconf 87' lang='lat' dir='ltr'><strong>exercuit</strong></span> <span class='ocrx_word' id='word_1_164' title='bbox 1368 2870 1575 2930; x_wconf 91' lang='lat' dir='ltr'><strong>indole</strong></span> <span class='ocrx_word' id='word_1_165' title='bbox 1602 2874 1760 2929; x_wconf 89' lang='lat' dir='ltr'><strong>vires</strong></span> <span class='ocrx_word' id='word_1_166' title='bbox 1789 2891 1802 2928; x_wconf 72' lang='grc' dir='ltr'>ε</span> 
     </span>
     <span class='ocr_line' id='line_1_27' title="bbox 476 2969 2083 3048; baseline -0.001 -20"><span class='ocrx_word' id='word_1_167' title='bbox 476 2970 706 3048; x_wconf 87' lang='lat' dir='ltr'><strong>frigora</strong></span> <span class='ocrx_word' id='word_1_168' title='bbox 732 2988 916 3027; x_wconf 91' lang='lat' dir='ltr'><strong>saeva</strong></span> <span class='ocrx_word' id='word_1_169' title='bbox 941 2972 1097 3047; x_wconf 91' lang='lat' dir='ltr'><strong>pati,</strong></span> <span class='ocrx_word' id='word_1_170' title='bbox 1125 2971 1412 3047; x_wconf 90' lang='lat' dir='ltr'><strong>gravibus</strong></span> <span class='ocrx_word' id='word_1_171' title='bbox 1439 2990 1565 3028; x_wconf 93' lang='lat' dir='ltr'><strong>non</strong></span> <span class='ocrx_word' id='word_1_172' title='bbox 1591 2969 1812 3028; x_wconf 89' lang='lat' dir='ltr'><strong>cedere</strong></span> <span class='ocrx_word' id='word_1_173' title='bbox 1840 2969 2083 3038; x_wconf 83' lang='lat' dir='ltr'><strong>nimbiS,</strong></span> 
     </span>
     <span class='ocr_line' id='line_1_28' title="bbox 481 3065 2292 3138; baseline -0.001 -11"><span class='ocrx_word' id='word_1_174' title='bbox 481 3071 783 3127; x_wconf 86' lang='lat' dir='ltr'><strong>aestivum</strong></span> <span class='ocrx_word' id='word_1_175' title='bbox 812 3065 1077 3125; x_wconf 90' lang='lat' dir='ltr'><strong>tolerare</strong></span> <span class='ocrx_word' id='word_1_176' title='bbox 1104 3068 1304 3138; x_wconf 87' lang='lat' dir='ltr'><strong>iubar,</strong></span> <span class='ocrx_word' id='word_1_177' title='bbox 1334 3076 1654 3126; x_wconf 89' lang='lat' dir='ltr'><strong>transnare</strong></span> <span class='ocrx_word' id='word_1_178' title='bbox 1684 3087 1930 3126; x_wconf 89' lang='lat' dir='ltr'><strong>sonoras</strong></span> <span class='ocrx_word' id='word_1_179' title='bbox 2220 3076 2292 3125; x_wconf 88' lang='lat'><strong>45</strong></span> 
     </span>
     <span class='ocr_line' id='line_1_29' title="bbox 478 3150 2136 3237; baseline -0.001 -12"><span class='ocrx_word' id='word_1_180' title='bbox 478 3173 826 3225; x_wconf 88' lang='lat' dir='ltr'><strong>torrentum</strong></span> <span class='ocrx_word' id='word_1_181' title='bbox 855 3165 1065 3237; x_wconf 79' lang='lat' dir='ltr'><strong>furiaS,</strong></span> <span class='ocrx_word' id='word_1_182' title='bbox 1097 3186 1353 3225; x_wconf 91' lang='lat' dir='ltr'><strong>ascensu</strong></span> <span class='ocrx_word' id='word_1_183' title='bbox 1382 3170 1626 3227; x_wconf 86' lang='lat' dir='ltr'><strong>vincere</strong></span> <span class='ocrx_word' id='word_1_184' title='bbox 1656 3174 1920 3237; x_wconf 84' lang='lat' dir='ltr'><strong>monteS,</strong></span> <span class='ocrx_word' id='word_1_185' title='bbox 2131 3150 2136 3156; x_wconf 12' lang='grc' dir='ltr'>ὁ</span> 
     </span>
    </p>
   </div>
   <div class='ocr_carea' id='block_1_3' title="bbox 485 3261 647 3335">
    <p class='ocr_par' dir='ltr' id='par_1_3' title="bbox 485 3261 647 3335">
     <span class='ocr_line' id='line_1_30' title="bbox 485 3261 647 3335; baseline 0 -2"><span class='ocrx_word' id='word_1_186' title='bbox 485 3277 601 3335; x_wconf 74' lang='lat'><strong>272</strong></span> <span class='ocrx_word' id='word_1_187' title='bbox 644 3261 647 3264; x_wconf 80' lang='grc'><strong>’</strong></span> 
     </span>
    </p>
   </div>
  </div>
 </body>
</html>
