2511 3938
1163 374 1611 435 CLAUDIAN

482 557 734 612 iamiam
761 552 1102 612 dissimulat
1129 552 1406 610 dominos
1435 551 1684 630 alteque
1712 557 2068 609 tumescunt

484 653 732 711 serviles
761 656 967 711 animi.
1045 672 1368 730 procerum
1395 650 1675 729 squalore
1703 650 1975 729 repletus

483 772 690 811 carcer
718 761 784 810 et
812 751 1090 810 exulibus
1121 751 1340 809 Meroe
1370 754 1693 829 campique
1720 758 2084 828 gemescunt

485 851 866 929 Aethiopum
892 870 907 921 3
946 855 1160 929 poenis
1179 850 1496 909 hominum
1513 850 1699 928 plaga
1715 858 2007 927 personat
2027 849 2246 908 ardens
2273 867 2290 920 3

488 949 889 1009 Marmaricus
917 950 1091 1008 claris
1118 948 1381 1008 violatur
1407 949 1696 1007 caedibus
1725 949 2054 1006 Hammon.
2191 955 2291 1004 180

563 1049 856 1127 Asperius
883 1048 1034 1107 nihil
1061 1057 1158 1106 est
1183 1047 1397 1105 humili
1424 1067 1563 1106 cum
1591 1051 1788 1126 surgit
1813 1051 1877 1105 in
1904 1047 2097 1105 altum
2125 1066 2140 1104 ι

485 1156 708 1206 cuncta
732 1146 881 1206 ferit
905 1147 1054 1206 dum
1079 1155 1303 1205 cuncta
1329 1150 1533 1216 timet,
1561 1146 1839 1204 desaevit
1864 1150 1929 1204 in
1955 1165 2167 1204 omnes

486 1255 558 1318 ut
585 1266 651 1305 se
676 1266 856 1325 posse
882 1254 1131 1324 putent,
1157 1265 1274 1304 nec
1299 1245 1484 1304 belua
1509 1249 1768 1304 taetrior
1794 1244 1917 1303 ulla

487 1364 674 1422 quam
698 1349 859 1405 servi
884 1347 1084 1404 rabies
1109 1348 1174 1403 in
1199 1345 1394 1403 libera
1420 1354 1599 1423 terga
1625 1342 1886 1403 furentis
1912 1363 1929 1414 ;

486 1448 764 1523 agnoscit
790 1448 1058 1523 gemitus
1087 1453 1154 1503 et
1177 1464 1419 1522 poenae
1443 1464 1698 1524 parcere
1725 1447 1943 1514 nescit,
2192 1449 2293 1498 185

486 1562 673 1621 quam
695 1545 903 1613 subiit,
928 1545 1281 1626 dominique
1302 1563 1559 1613 memor,
1582 1564 1769 1623 quem
1791 1544 2097 1611 verberat,
2121 1540 2276 1599 odit.

486 1643 668 1713 adde,
696 1644 863 1722 quod
890 1644 1203 1702 eunuchus
1231 1643 1399 1701 nulla
1422 1647 1662 1721 pietate
1689 1652 1973 1703 movetur

485 1761 601 1800 nec
625 1747 840 1821 generi
866 1747 1104 1801 natisve
1132 1752 1331 1801 cavet.
1410 1743 1740 1802 clementia
1765 1747 2000 1801 cunctis

482 1843 547 1899 in
574 1840 821 1910 simileS,
849 1844 1205 1918 animosque
1232 1840 1430 1918 ligant
1456 1845 1760 1899 consortia
1787 1841 1994 1899 damni
2020 1860 2037 1912 ;

482 1941 602 1998 iste
631 1959 745 1999 nec
774 1940 1065 1999 eunuchis
1090 1939 1387 2019 placidus,

1443 2039 1567 2099 Sed
1592 2044 1767 2117 peius
1793 2045 1859 2100 in
1886 2061 2101 2100 aurum
2192 2048 2297 2100 190

486 2147 733 2197 aestuat
760 2157 775 2209 ;
823 2139 938 2198 hoc
965 2160 1087 2198 uno
1113 2138 1339 2198 fruitur
1365 2144 1595 2198 succisa
1621 2140 1829 2200 libido.

486 2238 636 2316 quid
660 2258 877 2298 nervos
905 2242 1168 2297 secuisse
1194 2242 1367 2296 iuvat
1394 2240 1416 2296 ?
1495 2242 1585 2296 vis
1612 2239 1779 2297 nulla
1805 2248 2125 2298 cruentam

485 2346 716 2396 castrat
743 2342 1082 2397 avaritiam.
1158 2342 1363 2416 parvis
1392 2341 1663 2396 exercita
1688 2338 1866 2397 furtis

487 2456 647 2514 quae
675 2445 915 2495 vastare
941 2457 1173 2515 penum
1200 2436 1609 2515 neglectaque
1637 2446 1923 2496 sueverat
1950 2458 2127 2496 arcae

486 2534 751 2593 claustra
777 2536 1062 2606 remoliri,
1090 2556 1251 2593 nunc
1279 2537 1559 2593 uberiore
1587 2540 1801 2614 rapina
2192 2547 2295 2596 195

484 2642 704 2710 peccat
728 2637 792 2691 in
819 2635 965 2692 orbe
992 2654 1229 2693 manus,
1311 2635 1609 2713 quidquid
1637 2654 1703 2693 se
1730 2635 1927 2714 Tigris
1945 2637 2024 2694 ab
2046 2636 2296 2696 Haemo

485 2731 724 2802 dividit,
753 2732 866 2791 hoc
893 2741 1063 2790 certa
1088 2736 1377 2810 proponit
1402 2753 1606 2791 merce
1633 2733 1957 2793 locandum

483 2834 730 2889 institor
753 2834 1014 2909 imperii,
1041 2851 1237 2908 caupo
1263 2830 1531 2889 famosus
1558 2832 1877 2891 honorum.

484 2928 583 2987 hic
610 2930 822 2988 Asiam
849 2929 990 2987 villa
1014 2938 1232 3007 pactus
1261 2934 1423 3008 regit
1449 2949 1464 3000 3
1512 2930 1614 2989 ille
1642 2931 1906 2991 redemit

486 3031 758 3106 coniugis
786 3036 1005 3087 ornatu
1033 3027 1274 3106 Syriam
1299 3045 1316 3097 ;
1364 3028 1535 3088 dolet
1559 3028 1661 3087 ille
1686 3039 1949 3107 paterna
2186 3040 2296 3091 200

483 3127 782 3205 Bithynos
809 3136 1081 3184 mutasse
1110 3126 1313 3184 dom0.
1381 3127 1619 3186 subfixa
1642 3133 1888 3206 patenti

482 3225 785 3284 vestibulo
810 3229 1025 3304 pretiis
1053 3224 1380 3301 distinguit
1405 3226 1618 3303 regula
1644 3237 1865 3305 gentes
1893 3247 1907 3284 t

490 3328 599 3379 152
