2511 3938
1162 297 1610 356 CLAUDIAN

482 459 633 537 quid
657 458 747 517 sol
773 459 1059 517 occiduus
1084 460 1336 536 prodat;
1384 479 1506 537 quo
1533 462 1739 517 saucia
1763 466 1952 517 vento

484 558 729 618 decolor
755 562 944 617 iratos
974 558 1221 619 attollat
1249 559 1520 639 Cynthia
1546 558 1772 618 vultus.

484 660 730 738 adspice
758 681 941 731 nunc,
969 681 1358 739 quacumque
1384 664 1593 731 micaS,
1618 680 1729 719 seu
1754 660 2009 719 circulus
2037 659 2277 731 Austri,

483 781 708 840 magne
727 781 972 839 parenS,
992 761 1180 840 gelidi
1201 782 1311 820 seu
1331 770 1398 820 te
1418 782 1700 821 meruere
1719 762 1994 832 TrioneS,

483 862 729 939 adspice
757 883 771 920 z
810 862 1154 939 completur
1171 871 1405 921 votum.
1484 866 1609 921 iam
1627 871 1809 921 natus
1829 862 2140 940 adaequat
2186 870 2293 919 430

481 968 548 1020 te
574 966 808 1021 meritis
836 971 922 1033 et,
949 963 1115 1042 quod
1138 967 1334 1042 magis
1362 972 1458 1022 est
1483 963 1776 1042 optabile,
1801 966 1990 1022 vincit

481 1064 775 1122 subnixus
805 1063 1137 1123 Stilichone
1166 1073 1298 1135 tuo,
1327 1085 1513 1143 quem
1539 1064 1830 1124 fratribus
1857 1068 1990 1143 ipse

481 1163 803 1224 discedens
832 1165 1098 1244 clipeum
1128 1165 1641 1245 defensoremque
1672 1166 1918 1225 dedisti.

479 1285 590 1343 pro
618 1267 793 1326 nobis
820 1266 971 1324 nihil
998 1266 1105 1325 ille
1131 1271 1265 1344 pati
1293 1267 1651 1345 nullumque
1677 1275 1921 1326 recusat

480 1364 806 1425 discrimen
835 1375 1145 1445 temptare
1176 1370 1290 1437 sui,
1320 1388 1444 1425 non
1473 1368 1626 1426 dura
1654 1372 1911 1437 viarum,
2185 1375 2292 1424 435

480 1487 603 1526 non
632 1470 868 1525 incerta
898 1471 1101 1537 mariS,
1135 1468 1371 1546 Libyae
1403 1468 1739 1546 squalentis
1770 1467 2029 1525 harenas

479 1568 736 1626 audebit
756 1587 1045 1645 superare
1066 1568 1260 1645 pedes
1281 1568 1652 1646 madidaque
1674 1569 1937 1627 cadente

479 1668 728 1728 Pleiade
760 1668 1055 1728 Gaetulas
1082 1671 1341 1729 intrabit
1369 1673 1580 1729 navita
1606 1668 1840 1749 Syrtes,

557 1771 738 1828 Hunc
766 1778 979 1829 tamen
1005 1774 1070 1828 in
1096 1774 1308 1848 primis
1334 1770 1592 1849 populos
1620 1771 1812 1830 lenire
1840 1770 2074 1829 feroces

479 1882 544 1931 et
575 1871 859 1931 Rhenum
887 1892 1109 1950 pacare
1139 1874 1335 1932 iubes,
1416 1873 1581 1932 volat
1609 1874 1712 1932 ille
1741 1877 1945 1932 citatis
2181 1884 2286 1932 440

476 1984 687 2034 vectus
720 1980 891 2054 equis
920 1976 1209 2055 nullaque
1238 1977 1401 2036 latus
1431 1981 1702 2055 stipante
1731 1985 1999 2048 caterva,

476 2096 694 2155 aspera
723 2076 1034 2137 nubiferas
1065 2099 1188 2157 qua
1219 2078 1441 2138 Raetia
1469 2083 1728 2158 porrigit
1759 2079 1971 2157 Alpes,

473 2182 680 2257 pergit
711 2187 777 2237 et
804 2179 1056 2238 hostiles
1086 2180 1293 2259 (tanta
1322 2189 1417 2239 est
1447 2180 1692 2258 fiducia)
1721 2184 1883 2257 ripas

475 2282 867 2338 incomitatus
900 2281 1050 2339 adit.
1131 2287 1335 2339 totum
1364 2300 1692 2358 properare
1723 2300 1836 2358 per
1864 2299 2111 2338 amnem

475 2383 771 2439 attonitos
805 2400 983 2458 reges
1017 2379 1229 2439 humili
1263 2384 1498 2439 cervice
1531 2381 1791 2440 videres,
2177 2390 2283 2439 445

475 2488 621 2539 ante
652 2481 872 2539 ducem
903 2488 1180 2539 nostrum
1210 2480 1432 2539 flavam
1462 2501 1738 2559 sparsere
1769 2479 2093 2561 Sygambri

474 2585 807 2639 caesariem
834 2582 1182 2659 pavidoque
1212 2591 1460 2641 orantes
1488 2602 1800 2641 murmure
1832 2583 2049 2641 Franci

470 2683 851 2759 procubuere
881 2681 1007 2740 solo
1032 2702 1044 2740 :
1073 2685 1310 2741 iuratur
1339 2683 1646 2742 Honorius
1675 2685 1896 2743 absens

470 2783 881 2861 imploratque
918 2792 1095 2842 tuum
1131 2783 1391 2861 supplex
1427 2784 1795 2842 Alamannia
1828 2804 2075 2843 nomen.

471 2884 808 2943 Bastarnae
838 2904 1064 2942 venere
1095 2893 1321 2956 truceS‚
1351 2889 1521 2945 venit
1552 2885 1756 2945 accola
1784 2885 1972 2944 silvae
2175 2895 2283 2944 450

470 2985 799 3044 Bructerus
830 2985 1178 3064 Hercyniae
1207 2985 1473 3064 latisque
1500 2986 1826 3064 paludibus
1856 2990 1989 3046 exit

470 3086 719 3144 Cimber
747 3095 813 3145 et
839 3089 1126 3165 ingentes
1156 3086 1364 3145 Albim
1391 3086 1626 3165 liquere
1655 3087 1965 3146 Cherusci.

473 3227 588 3279 318
