2511 3938
1117 339 1565 400 CLAUDIAN

439 517 503 571 in
531 517 783 571 miseras
811 512 982 590 leges
1009 511 1450 588 hominumque
1477 513 1730 587 negotia
1755 509 1934 568 ludit.
2146 516 2251 565 230

438 596 672 654 iudicat
701 594 1015 652 eunuchus
1043 612 1059 662 ;
1109 593 1258 670 quid
1283 596 1407 650 iam
1434 592 1513 650 de
1541 591 1787 650 consule
1815 595 1999 649 miror
2024 591 2048 648 ?

438 678 807 755 prodigium,
835 676 1266 754 quodcumque
1293 677 1475 752 gerit.
1556 693 1716 751 quae
1741 677 1969 751 pagina
1995 672 2136 730 lites

399 793 402 795 v
441 763 526 817 sic
553 768 721 817 actas
749 760 1032 815 meminit
1058 757 1080 814 ?
1131 757 1351 833 quibus
1380 774 1673 833 umquam
1699 754 1942 813 saecula
1968 757 2148 812 terris

442 840 705 899 eunuchi
732 839 941 897 videre
968 838 1169 897 forum
1195 838 1217 895 ?
1299 837 1410 895 sed
1435 857 1514 894 ne
1542 857 1666 915 qua
1691 845 1939 913 vacaret

441 942 581 999 pars
608 924 943 999 ignominia
969 939 1092 977 neu
1119 918 1271 997 quid
1294 927 1561 977 restaret
1584 922 1888 989 inausum,
2147 924 2252 973 235

443 1023 612 1061 arma
641 1006 832 1061 etiam
857 999 1084 1060 violare
1109 1008 1292 1078 parat
1316 1008 1732 1079 portentaque
1759 1002 2045 1058 monstris

443 1093 705 1163 aggerat
733 1092 800 1142 et
826 1103 1035 1141 secum
1059 1081 1348 1160 petulans
1376 1085 1648 1140 amentia
1675 1090 1894 1141 certat.

445 1167 692 1224 erubuit
722 1165 970 1223 Mavors
999 1183 1336 1240 aversaque
1363 1166 1496 1221 risit
1522 1164 1700 1243 Enyo

444 1248 712 1306 dedecus
740 1247 961 1315 Eoum,
989 1249 1276 1323 quotiens
1301 1248 1546 1303 intenta
1572 1249 1815 1324 sagittis

445 1338 511 1388 et
536 1329 828 1406 pharetra
854 1327 1098 1406 fulgens
1127 1346 1279 1384 anus
1308 1335 1631 1385 exercetur
1658 1328 1935 1385 Amazon
2150 1334 2256 1383 240

445 1412 677 1469 arbiter
704 1418 813 1468 aut
840 1412 1125 1487 quotiens
1152 1406 1298 1466 belli
1323 1412 1615 1485 pacisque
1641 1412 1899 1467 recurrit

447 1493 919 1570 adloquiturque
949 1490 1163 1548 Getas,
1242 1490 1479 1567 gaudet
1504 1510 1645 1548 cum
1670 1491 1894 1549 viderit
1921 1490 2113 1549 hostis

447 1583 513 1632 et
540 1577 732 1631 sentit
757 1577 882 1630 iam
909 1572 1126 1630 deesse
1152 1574 1332 1629 viros,
1412 1570 1695 1630 incendia
1721 1571 1985 1642 fumant,

446 1659 632 1712 muris
660 1653 828 1712 nulla
855 1653 1028 1722 fides,
1056 1651 1345 1729 squalent
1369 1652 1764 1730 populatibus
1792 1656 1924 1731 agri

448 1745 515 1795 et
540 1736 745 1794 medio
773 1754 913 1812 spes
941 1732 1070 1792 sola
1097 1736 1272 1790 mari.
1340 1740 1510 1792 trans
1539 1733 1764 1792 Phasin
1793 1742 2063 1813 aguntur
2154 1742 2261 1791 245

447 1816 881 1894 Cappadocum
906 1823 1136 1872 matres
1143 1858 1159 1884 ‚
1187 1814 1568 1893 stabulisque
1596 1817 1865 1875 abducta
1889 1819 2167 1894 paternis

448 1898 770 1956 Caucasias
797 1899 1042 1975 captiva
1067 1896 1292 1954 bibunt
1319 1905 1601 1954 armenta
1625 1901 1874 1976 pruinas

448 1990 514 2038 et
540 1979 839 2058 Scythicis
866 1986 1116 2036 mutant
1141 1977 1373 2055 Argaei
1397 1978 1627 2057 pabula
1653 1979 1837 2038 silvis,

447 2070 624 2119 extra
652 2061 1033 2129 CimmeriaS,
1058 2059 1398 2117 Taurorum
1424 2059 1710 2130 claustra,
1736 2060 1994 2138 paludes

444 2143 554 2202 flos
582 2142 795 2221 Syriae
823 2144 1031 2200 servit.
1111 2140 1317 2219 spoliis
1343 2161 1459 2199 nec
1485 2142 1705 2202 sufficit
1732 2151 1910 2201 atrox
2157 2152 2262 2201 250

445 2226 740 2283 barbarus
769 2244 783 2284 ι
830 2227 894 2280 in
921 2222 1178 2280 caedem
1204 2230 1457 2280 vertunt
1483 2222 1733 2282 fastidia
1758 2224 2053 2301 praedae.

523 2306 636 2364 Ille
659 2315 872 2364 tamen
895 2304 1070 2382 (quid
1093 2307 1258 2361 enim
1281 2323 1524 2361 servum
1546 2305 1918 2383 mollemque
1939 2307 2210 2383 pudebit
2238 2308 2263 2364 ?

445 2397 555 2446 aut
583 2387 733 2465 quid
757 2390 824 2444 in
850 2386 965 2444 hoc
992 2389 1226 2463 poterit
1254 2384 1429 2443 vultu
1457 2384 1719 2463 flagrare
1748 2388 1983 2445 ruboris
2011 2387 2061 2465 ?)

441 2489 552 2547 pro
580 2472 810 2527 victore
837 2467 1003 2525 redit
1030 2486 1044 2524 ι
1090 2466 1376 2543 peditum
1401 2467 1625 2525 vexilla
1652 2478 1997 2545 sequuntur

447 2564 513 2612 et
539 2563 782 2612 turmae
810 2551 1036 2610 similes
1067 2551 1607 2630 eunuchorumque
1633 2553 1909 2632 manipli,
2158 2564 2266 2613 255

447 2639 958 2716 Hellespontiacis
986 2637 1149 2715 legio
1176 2637 1532 2715 dignissima
1559 2641 1767 2716 signis.

447 2726 659 2783 obvius
686 2727 774 2781 ire
802 2722 988 2781 cliens
1018 2718 1531 2800 defensoremque
1558 2743 1870 2783 reversum

408 2872 410 2875 ,
445 2808 790 2886 complecti.
868 2807 1074 2885 placet
1099 2811 1232 2885 ipse
1261 2809 1375 2866 sibi
1402 2808 1695 2887 laxasque
1723 2811 1966 2872 laborat

517 2983 537 3013 ¹
574 2983 625 3032 A
650 2983 933 3032 mountain
958 2983 1013 3030 in
1039 2980 1406 3046 Cappadocia.

518 3048 539 3078 ²
576 3045 840 3097 Claudian
878 3047 921 3095 is
958 3045 1192 3110 scarcely
1227 3045 1333 3096 fair
1366 3051 1424 3096 to
1460 3047 1769 3113 Eutropius.
1840 3050 1956 3103 The
1992 3054 2271 3109 reference

446 3112 572 3163 here
595 3114 639 3161 is
662 3116 718 3161 to
741 3111 833 3162 the
854 3112 1142 3174 campaign
1166 3110 1227 3160 of
1245 3115 1346 3162 398
1372 3114 1427 3162 in
1450 3112 1624 3162 which
1649 3115 1942 3181 Eutropius
1965 3121 2268 3172 succeeded

443 3179 501 3228 in
526 3177 739 3241 driving
762 3176 854 3226 the
879 3175 1037 3225 Huns
1061 3175 1203 3225 back
1229 3176 1430 3227 behind
1454 3177 1546 3228 the
1570 3177 1861 3233 Caucasus,

455 3254 566 3314 156
