2511 3938
1178 304 1628 365 CLAUDIAN

500 467 732 525 civibus
760 475 826 525 et
850 469 1057 525 vetitis
1082 469 1306 544 ignavo
1331 466 1581 525 credere
1606 486 1782 525 muro
2218 477 2325 526 155

502 563 697 619 tutius
729 562 956 620 obiecit
985 561 1215 620 nudam
1248 559 1718 619 Lacedaemona
1746 560 1922 620 bellis
1950 582 1964 619 :

503 663 569 714 at
596 676 721 713 non
751 655 1141 734 Pythagorae
1171 659 1439 714 monitus
1470 659 1737 733 annique
1766 655 2018 715 silentes

501 746 806 807 famosum
837 748 1079 808 Oebalii
1108 748 1322 808 luxum
1348 769 1627 828 pressere
1657 750 1932 809 Tarenti.

580 852 617 880 ‘⁶
644 843 797 917 Quis
825 863 970 903 vero
997 847 1302 923 insignem
1331 852 1509 903 tanto
1539 845 1652 903 sub
1680 848 1953 924 principe
1982 866 2196 904 curam

501 947 756 1017 respuat
782 939 805 996 ?
884 947 996 997 aut
1025 938 1272 1017 quando
1301 942 1535 996 meritis
1565 943 1797 997 maiora
1824 940 2134 1017 patebunt
2209 950 2321 1000 160

503 1037 778 1113 praemia
803 1035 827 1091 ?
908 1037 1042 1112 quis
1071 1034 1328 1092 demens
1358 1033 1514 1092 adeo
1544 1038 1649 1111 qui
1675 1037 1933 1112 iungere
1958 1054 2174 1094 sensus

503 1148 644 1187 cum
669 1127 1002 1187 Stilichone
1027 1136 1220 1207 neget
1245 1129 1270 1186 ?
1350 1127 1609 1185 similem
1635 1148 1796 1206 quae
1820 1128 2077 1207 protulit
2103 1138 2288 1190 aetas

502 1221 749 1281 consilio
775 1222 874 1280 vel
903 1221 1113 1281 Marte
1137 1225 1336 1280 virum
1362 1223 1386 1280 ?
1464 1242 1627 1280 nunc
1653 1222 1878 1281 Brutus
1906 1232 2146 1282 amaret

498 1322 705 1375 vivere
735 1318 849 1376 sub
878 1337 1091 1396 regno,
1121 1316 1231 1375 tali
1261 1317 1688 1375 succumberet
1718 1317 1895 1376 aulae

502 1417 833 1486 FabriciuS,
865 1423 1164 1494 cuperent
1193 1418 1310 1493 ipsi
1341 1419 1567 1473 servire
1600 1415 1888 1475 Catones.
2209 1427 2316 1476 165

498 1531 703 1571 nonne
732 1511 926 1581 videS‚
956 1519 1029 1569 ut
1057 1518 1267 1569 nostra
1296 1530 1463 1568 soror
1493 1509 1839 1569 Clementia
1867 1514 2074 1569 tristes

500 1606 812 1665 obtundat
847 1604 1082 1683 gladios
1116 1604 1464 1682 fratresque
1500 1603 1786 1682 amplexa
1819 1625 2066 1664 serenos

499 1701 794 1778 adsurgat
823 1700 1052 1770 Pietas,
1079 1698 1289 1758 fractis
1318 1707 1389 1758 ut
1417 1698 1630 1777 lugeat
1659 1703 1840 1758 armis

496 1793 762 1853 Perfidia
789 1802 856 1852 et
879 1793 1093 1852 laceris
1120 1797 1453 1852 morientes
1479 1794 1743 1851 crinibus
1769 1793 1950 1872 hydri

494 1889 774 1948 lambant
800 1886 1067 1946 invalido
1098 1888 1420 1946 Furiarum
1447 1886 1646 1946 vincla
1673 1889 1913 1946 veneno
1939 1888 1963 1945 ?
2205 1898 2313 1950 170

500 1984 741 2044 exultat
771 2005 910 2042 cum
942 1983 1101 2042 Pace
1134 1983 1337 2043 Fides.
1416 1987 1541 2042 iam
1569 1983 1771 2043 sidera
1800 1994 2060 2044 cunctae

493 2078 780 2157 liquimus
814 2087 879 2137 et
909 2076 1178 2156 placidas
1208 2081 1373 2137 inter
1402 2078 1790 2136 discurrimus
1821 2080 2024 2138 urbes·

493 2175 832 2243 nobiscum,
862 2172 1206 2242 Theodore‚
1236 2170 1432 2230 redi.”

1493 2265 1674 2326 Subit
1698 2266 1801 2326 ille
1829 2267 2192 2346 loquentem

493 2362 718 2421 talibus
748 2384 761 2421 ε
816 2372 852 2398 “
880 2369 1191 2441 agrestem
1222 2361 1458 2421 dudum
1487 2381 1611 2432 me,
1641 2361 1804 2433 diva,
1836 2367 2063 2422 reverti

493 2461 658 2536 cogis
692 2466 757 2515 et
785 2455 1086 2515 infectum
1114 2455 1284 2535 longi
1311 2456 1594 2534 rubigine
1623 2460 1777 2516 ruris
2204 2468 2310 2519 175

493 2553 573 2612 ad
601 2562 712 2611 tua
740 2556 914 2630 signa
942 2572 1141 2610 vocas.
1222 2572 1366 2609 nam
1395 2571 1555 2628 quae
1584 2551 1733 2609 mihi
1761 2572 1906 2610 cura
1933 2561 2030 2612 tot
2058 2557 2241 2614 annis

493 2647 691 2707 altera
719 2667 906 2725 quam
935 2646 1117 2705 duras
1146 2645 1326 2704 sulcis
1356 2643 1591 2703 mollire
1620 2645 1889 2716 novaleS,

492 2763 670 2802 nosse
699 2741 808 2800 soli
836 2745 1015 2811 vires,
1043 2745 1279 2799 nemori
1306 2760 1466 2817 quae
1494 2740 1816 2799 commoda
1843 2760 2047 2819 rupeS,

491 2841 626 2916 quis
652 2835 803 2894 felix
830 2835 1003 2894 oleae
1030 2843 1289 2904 tractuS,
1317 2853 1477 2912 quae
1505 2833 1729 2911 glaeba
1754 2832 1994 2894 faveret

488 2930 766 3009 frugibus
800 2938 866 2987 et
896 2928 1107 3006 quales
1138 2937 1387 3007 tegeret
1416 2927 1726 2986 vindemia
1755 2928 1938 2987 colles
1964 2930 1988 2988 ?
2200 2941 2304 2993 180

489 3022 792 3084 terribiles
822 3043 1062 3081 rursum
1090 3023 1275 3081 lituos
1305 3032 1634 3081 veteranus
1666 3022 1849 3082 adibo

491 3129 557 3180 et
583 3121 845 3180 desueta
871 3126 1050 3177 vetus
1076 3119 1403 3196 temptabo
1431 3117 1674 3176 caerula
1701 3126 1912 3177 vector
1937 3119 1960 3177 ἲ

490 3248 608 3301 350
