2511 3938
1198 273 1646 333 CLAUDIAN

518 442 689 493 tecta
715 442 960 512 petenS‚
985 432 1298 511 oculisque
1325 433 1431 491 diu
1456 432 1785 491 liventibus
1811 431 2012 490 haesit

518 527 794 601 peiorem
820 527 1042 582 mirata
1066 526 1285 593 virum,
1312 531 1447 581 tum
1473 522 1624 581 talia
1647 520 1816 580 fatur
1842 542 1857 580 ε

599 622 638 650 “
664 613 813 672 Otia
838 622 927 683 te,
956 613 1197 683 Rufine,
1223 616 1438 671 iuvant
1464 610 1814 689 frustraque
1840 615 2132 670 iuventae
2234 620 2337 670 140

520 707 823 762 consumis
851 702 1064 762 florem
1089 705 1304 779 patriis
1329 700 1621 780 inglorius
1649 704 1805 759 arvis
1832 702 1855 759 ?

520 792 643 850 heu
669 796 864 851 nescis
893 792 1043 870 quid
1065 790 1199 850 fata
1225 792 1361 861 tibi,
1389 791 1539 869 quid
1565 791 1766 849 sidera
1792 791 2047 861 debent,
2151 832 2155 835 -

521 882 670 959 quid
697 881 969 941 Fortuna
993 889 1173 958 parat
1200 900 1215 938 ι
1264 889 1400 940 toto
1427 880 1823 939 dominabere
1850 880 2101 950 mund0,

520 974 571 1030 si
595 990 815 1049 parere
842 970 990 1028 velis
1019 968 1032 1028 Ξ
1114 979 1282 1028 artus
1309 990 1390 1028 ne
1417 989 1638 1046 sperne
1665 970 1887 1028 seniles
1915 971 1928 1030 l

521 1079 789 1138 namque
816 1060 966 1117 mihi
993 1063 1269 1138 magicae
1296 1063 1454 1118 vires
1482 1063 1741 1137 aevique
1768 1058 1961 1118 futuri
2235 1070 2336 1118 145

518 1153 828 1228 praescius
857 1150 1035 1208 ardor
1058 1153 1222 1208 inest
1248 1168 1265 1219 ;
1313 1152 1454 1208 novi
1482 1170 1604 1227 quo
1629 1149 1921 1209 Thessala
1946 1158 2133 1208 cantu

522 1243 743 1317 eripiat
768 1238 981 1297 lunare
1006 1240 1204 1309 iubar,
1232 1239 1382 1317 quid
1407 1243 1583 1317 signa
1609 1243 1844 1318 sagacis

522 1335 799 1414 Aegypti
825 1333 1094 1404 valeant,
1122 1354 1245 1411 qua
1271 1353 1425 1412 gens
1453 1332 1764 1392 Chaldaea
1789 1337 2019 1393 vocatis

521 1431 787 1506 imperet
815 1437 948 1487 arte
976 1429 1129 1498 deis,
1156 1448 1271 1486 nec
1297 1447 1399 1485 me
1425 1426 1664 1486 latuere
1691 1427 1955 1486 fluentes

522 1524 837 1581 arboribus
865 1526 993 1581 suci
1019 1521 1529 1600 funestarumque
1555 1530 1836 1599 potestas
2236 1535 2340 1585 150

523 1616 871 1685 herbarum,
900 1616 1199 1693 quidquid
1224 1614 1396 1673 letali
1422 1618 1700 1693 gramine
1725 1615 1961 1693 pollens

523 1711 828 1769 Caucasus
858 1719 924 1768 et
950 1709 1275 1787 Scythicae
1302 1718 1563 1769 vernant
1588 1714 1652 1767 in
1678 1711 1956 1769 crimina1
1983 1731 2190 1789 rupeS‚

524 1825 675 1882 quas
702 1803 857 1882 legit
887 1803 1118 1862 Medea
1143 1802 1319 1862 ferox
1349 1812 1415 1862 et
1440 1803 1658 1863 callida
1686 1804 1880 1864 Circe.

524 1901 766 1975 saepius
792 1897 1126 1956 horrendos
1154 1917 1367 1955 manes
1395 1900 1703 1976 sacrisque
1730 1897 1901 1957 litavi

523 1994 834 2079 nocturnis
863 1991 1147 2050 Hecaten
1175 1999 1241 2050 et
1268 1991 1518 2049 condita
1542 1990 1762 2050 funera
1788 1997 1951 2051 traxi
2233 2005 2336 2054 155

523 2088 889 2145 carminibus
917 2089 1153 2144 victura
1179 2089 1354 2156 meiS‚
1380 2085 1730 2165 multosque
1757 2089 2054 2160 canend0,

525 2185 801 2261 quamvis
831 2181 1158 2240 Parcarum
1184 2190 1493 2240 restarent
1519 2180 1642 2252 fila,
1667 2187 1924 2259 peremi.

522 2281 612 2336 ire
640 2297 827 2356 vagas
855 2296 1114 2355 quercus
1144 2284 1210 2334 et
1234 2273 1471 2333 fulmen
1498 2285 1663 2334 stare
1690 2281 1865 2355 coegi

524 2390 823 2450 versaque
850 2390 973 2428 non
998 2388 1192 2447 prono
1218 2372 1463 2428 curvavi
1487 2367 1742 2428 flumina
1766 2369 1941 2448 lapsu

523 2468 588 2523 in
614 2464 819 2524 fontes
845 2464 1121 2522 reditura
1147 2484 1308 2522 suos,
1388 2482 1467 2521 ne
1495 2484 1653 2523 vana
1677 2464 1952 2524 locutum
2237 2480 2340 2530 160

526 2580 626 2618 me
652 2558 912 2618 fortasse
938 2566 1144 2636 puteS,
1171 2567 1445 2617 mutatos
1472 2579 1654 2617 cerne
1681 2560 2009 2637 penateS.”
2325 2564 2327 2567 ’

525 2653 790 2722 dixerat,
819 2661 885 2710 et
910 2655 1128 2709 niveae
1157 2651 1405 2729 (mirum
1433 2651 1472 2730 Ξ)
1500 2672 1759 2729 coepere
1787 2653 2107 2716 columnae

525 2746 710 2805 ditari
737 2747 1065 2823 subitoque
1093 2746 1303 2803 trabes
1330 2744 1535 2803 lucere
1562 2746 1835 2805 metallo.

606 2839 936 2898 Inlecebris
964 2842 1204 2915 capitur
1230 2842 1610 2917 nimiumque
1639 2840 1837 2900 elatus
1865 2864 2047 2903 avaro

525 2925 798 3011 pascitur
825 2941 1100 3009 aspectu.
1181 2934 1265 2989 sic
1291 2952 1400 2990 rex
1430 2931 1510 2992 ad
1534 2938 1734 3010 prima
1761 2938 2046 2998 tumebat
2239 2951 2340 3000 165

596 3058 619 3088 1
652 3059 899 3123 gramina
940 3057 992 3107 Ε
1023 3077 1035 3107 x
1096 3058 1242 3107 other
1285 3059 1436 3109 codd.
1481 3063 1741 3125 gramine.
1830 3064 1972 3116 Birt.
2017 3068 2341 3132 conjectures

526 3123 720 3185 toxica,
747 3122 1002 3174 Heinsius
1026 3125 1285 3177 carmina.
1353 3124 1391 3176 I
1410 3126 1527 3176 take
1549 3125 1842 3192 Postyate’s
1864 3132 2090 3185 crimina

533 3202 609 3263 36
