2511 3938
1049 357 1053 361 ’
1162 341 1609 401 CLAUDIAN

478 520 630 580 quas
658 503 833 562 dedit
857 506 988 580 ipse
1016 505 1153 560 neci
1179 521 1194 572 3
1243 522 1503 581 quarum
1531 521 1690 580 quae
1717 499 1932 559 clarior
1958 521 2081 559 una

477 601 607 655 visa
623 597 789 675 loqui
813 618 825 656 :
864 606 901 633 “
920 616 1033 675 pro
1055 597 1067 655 !
1090 617 1272 675 surge
1291 605 1446 655 tor0.
1509 597 1657 674 quid
1675 596 1938 673 plurima
1954 594 2141 654 volvis
2180 603 2281 652 330

478 696 693 750 anxius
720 694 743 750 ?
824 691 976 750 haec
1002 696 1281 771 requiem
1307 693 1490 750 rebus
1519 691 1828 769 finemque
1855 690 2049 748 labori

479 786 760 845 adlatura
786 788 917 846 dies
945 807 960 846 ε
1008 790 1174 845 omni
1198 791 1324 844 iam
1350 786 1534 864 plebe
1560 786 1785 845 redibis

479 880 659 940 altior
686 890 752 940 et
776 881 927 940 laeti
953 883 1234 940 manibus
1262 883 1591 959 portabere
1619 878 1848 958 vulgi.'’

479 974 589 1033 has
615 978 783 1033 canit
809 977 1122 1053 ambages.
1203 974 1441 1033 occulto
1468 974 1701 1033 fallitur
1724 973 1827 1032 ille

476 1073 682 1127 omine
710 1089 824 1127 nec
851 1073 1068 1147 capitis
1095 1074 1288 1128 sentit
1312 1073 1635 1147 praesagia
1661 1067 1789 1127 fixi.
2180 1075 2282 1123 335

556 1164 691 1222 Iam
718 1184 1025 1222 summum
1053 1164 1235 1222 radiis
1265 1165 1612 1241 stringebat
1643 1161 1888 1221 Lucifer
1916 1161 2227 1219 Haemum

476 1256 891 1336 festinamque
918 1266 1118 1316 rotam
1144 1258 1322 1316 solito
1347 1261 1773 1335 properantior
1799 1264 1982 1334 urget

476 1352 733 1411 tandem
760 1351 963 1410 Rufini
989 1355 1223 1410 visurus
1248 1351 1468 1410 funera
1492 1352 1678 1409 Titan
1705 1371 1720 1408 z

474 1445 723 1505 desiluit
749 1449 957 1505 stratis
984 1446 1338 1523 densaeque
1366 1448 1615 1522 capacia
1639 1444 1860 1502 turbae

476 1546 634 1600 atria
658 1541 906 1619 regifico
931 1544 1108 1600 iussit
1133 1540 1458 1618 splendere
1485 1548 1707 1618 paratu
2178 1547 2279 1595 340

476 1644 812 1713 exceptura
839 1635 1030 1712 dapes
1059 1643 1145 1705 et,
1174 1635 1341 1712 quod
1365 1644 1508 1712 post
1533 1642 1686 1693 vota·
1705 1634 1978 1703 daretur,

356 1749 362 1754 ·
473 1729 729 1806 insculpi
757 1733 1014 1807 propriis
1041 1749 1259 1787 aurum
1284 1728 1475 1787 fatale
1505 1729 1733 1806 figuris·

473 1827 605 1900 ipse
632 1822 969 1881 salutatum
995 1822 1250 1881 reduces
1278 1831 1420 1900 post
1445 1822 1677 1900 proelia
1703 1831 1937 1881 turmas

472 1919 598 1976 iam
623 1916 831 1995 regale
859 1925 1106 1976 tumens
1135 1925 1200 1976 et
1226 1921 1501 1995 principe
1528 1917 1742 1977 celsior
1766 1917 1901 1976 ibat

475 2011 751 2088 collaque
778 2009 1048 2069 femineo
1076 2010 1354 2070 solvebat
1380 2011 1586 2070 mollia
1612 2019 1796 2090 gestu
2178 2020 2279 2068 345

474 2109 711 2183 imperii
740 2114 965 2175 certu8,
993 2114 1241 2184 tegeret
1267 2126 1383 2165 ceu
1408 2127 1679 2184 purpura
1704 2105 1939 2164 dudum

474 2219 692 2277 corpus
721 2207 787 2257 et
814 2199 1103 2258 ardentes
1132 2202 1439 2259 ambirent
1464 2208 1748 2278 tempora
1773 2219 2081 2277 gemmae.

555 2293 738 2353 Urbis
766 2295 845 2352 ab
873 2303 1136 2373 angusto
1163 2303 1389 2364 tractu,
1418 2315 1541 2372 qua
1566 2297 1767 2372 vergit
1792 2298 1856 2350 in
1886 2302 2181 2364 austrum,

474 2389 762 2466 planities
789 2392 987 2446 vicina
1011 2397 1192 2466 patet
1220 2410 1233 2447 z
1283 2409 1427 2446 nam
1454 2397 1664 2446 cetera
1688 2395 1914 2464 pontus

475 2486 690 2542 circuit
718 2486 943 2560 exiguo
971 2483 1172 2541 dirimi
1199 2504 1265 2541 se
1291 2482 1488 2541 limite
1515 2501 1749 2559 passuS.
2180 2490 2281 2539 350

476 2575 574 2634 hic
601 2576 788 2635 ultrix
816 2580 975 2635 acies
1004 2585 1224 2635 ornatu
1248 2576 1452 2635 lucida
1482 2575 1704 2634 Martis

478 2671 771 2749 explicuit
797 2692 1043 2730 cuneoS.
1121 2671 1364 2749 pedites
1391 2674 1455 2728 in
1480 2678 1660 2748 parte
1688 2672 1931 2728 sinistra

477 2770 840 2825 consistunt.
923 2770 1162 2844 equites
1187 2766 1352 2824 illinc
1377 2769 1696 2843 poscentia
1721 2784 1964 2822 cursum

479 2878 586 2917 ora
611 2859 993 2919 reluctantur
1017 2864 1239 2936 pressis
1267 2859 1483 2918 sedare
1511 2859 1737 2935 lupatis
1764 2876 1779 2926 ;

478 2955 620 3013 hinc
648 2954 749 3013 alii
776 2974 1027 3012 saevum
1053 2958 1305 3013 cristato
1332 2957 1563 3012 vertice
1589 2960 1817 3010 nutant
2182 2963 2284 3011 355

482 3056 548 3107 et
574 3048 869 3107 tremulos
897 3052 1122 3106 umeris
1149 3048 1428 3126 gaudent
1453 3049 1693 3106 vibrare
1720 3045 1972 3117 coloreS,

481 3160 633 3220 quos
657 3145 859 3219 operit
878 3141 1228 3220 formatque
1258 3142 1509 3221 chalybs
1536 3160 1552 3211 3
1596 3143 1921 3199 coniuncta
1947 3160 2061 3218 per
2088 3150 2288 3200 artem

474 3275 560 3334 Ἰ82
