2511 3938
1160 357 1608 418 CLAUDIAN

481 523 758 582 Aurorae
789 525 978 581 vincis
1009 522 1236 600 digitos
1269 540 1636 599 umerosque
1669 520 1910 579 Dianae
1937 539 1954 590 3
2188 530 2291 579 270

479 618 678 694 ipsam
705 618 832 672 iam
861 632 1113 692 superas
1144 621 1430 671 matrem.
1511 614 1562 668 si
1591 611 1864 670 Bacchus
1896 621 2135 671 amator

481 705 674 765 dotali
699 708 906 784 potuit
931 703 1171 764 caelum
1197 707 1441 781 signare
1467 720 1711 773 corona,

483 818 590 856 cur
616 795 796 855 nullis
825 799 996 874 virgo
1025 796 1349 854 redimitur
1374 793 1682 873 pulchrior
1711 796 1932 853 astris?

483 893 608 946 iam
635 889 752 946 tibi
777 887 1029 946 molitur
1055 885 1369 945 stellantia
1396 894 1562 944 serta
1589 885 1814 944 Bootes

483 983 672 1057 inque
703 979 891 1037 decus
926 977 1166 1036 Mariae
1196 981 1322 1035 iam
1353 977 1554 1035 sidera
1584 980 1851 1055 parturit
1882 976 2118 1035 aether.
2189 986 2293 1034 275

484 1074 526 1140 i,
554 1070 741 1149 digno
769 1069 1078 1128 nectenda
1104 1072 1232 1127 viro
1260 1071 1547 1146 tantique
1574 1088 1687 1146 per
1713 1069 1926 1126 orbem

487 1181 729 1220 consors
756 1164 999 1239 imperii
1026 1161 1039 1218 1
1118 1163 1243 1218 iam
1271 1168 1338 1218 te
1366 1161 1761 1219 venerabitur
1789 1159 2003 1218 Hister
2028 1178 2044 1230 3

486 1271 714 1311 nomen
741 1251 1088 1310 adorabunt
1114 1249 1326 1329 populi
1352 1269 1367 1320 3
1415 1253 1540 1307 iam
1569 1249 1820 1308 Rhenus
1851 1258 1918 1309 et
1945 1250 2120 1309 Albis

486 1346 750 1412 serviet3
791 1345 857 1400 in
882 1342 1118 1400 medios
1145 1342 1262 1400 ibis
1289 1344 1505 1419 regina
1532 1340 1925 1420 SygambrOS.

488 1433 636 1511 quid
663 1451 985 1491 numerem
1012 1441 1233 1510 gentes
1264 1432 1717 1509 Atlanteosque
1745 1451 2019 1490 recessus
2196 1440 2298 1489 280

488 1523 721 1583 Oceani
747 1525 770 1582 ?
851 1532 987 1583 toto
1016 1527 1249 1602 pariter
1279 1522 1590 1582 donabere
1620 1521 1914 1582 mundo.''

566 1615 743 1673 Dixit
775 1623 841 1674 et
868 1624 1141 1685 ornatuS,
1171 1614 1477 1673 dederant
1505 1635 1657 1692 quos
1686 1634 1883 1692 nuper
1912 1622 2166 1672 ovantes

489 1706 808 1776 Nereides,
843 1705 996 1764 collo
1028 1706 1444 1783 membrisque
1478 1706 1846 1764 micantibus
1882 1714 2079 1784 aptat.

486 1801 621 1875 ipsa
652 1806 842 1874 caput
872 1796 1200 1874 distinguit
1231 1817 1366 1866 acu,
1399 1797 1764 1875 substringit
1796 1800 2092 1866 amictus;

488 1886 776 1945 flammea
808 1891 1095 1965 virgineis
1130 1888 1553 1946 accommodat
1583 1890 1717 1965 ipsa
1749 1886 1999 1966 capillis,
2199 1896 2303 1945 285

490 1988 637 2036 ante
666 1977 828 2037 fores
856 1982 981 2036 iam
1008 1999 1235 2057 pompa
1265 1986 1464 2049 sonat,
1492 1977 1851 2057 pilentaque
1881 1999 2052 2038 sacra
2243 1985 2246 1988 ’

490 2070 886 2148 praeradiant
912 2070 1173 2128 ductura
1200 2090 1442 2128 nurum.
1523 2069 1684 2128 calet
1712 2072 1925 2129 obvius
1951 2074 2041 2128 ire

490 2165 614 2219 iam
641 2165 925 2239 princeps
955 2162 1327 2239 tardumque
1358 2165 1528 2239 cupit
1556 2161 1872 2220 discedere
1903 2161 2094 2220 solem
2122 2182 2136 2220 ε

493 2252 710 2311 nobilis
738 2252 905 2310 haud
935 2252 1113 2311 aliter
1141 2256 1405 2330 sonipeS‚
1435 2272 1621 2330 quem
1648 2256 1879 2330 primus
1910 2257 2129 2311 amoris

494 2342 841 2402 sollicitavit
869 2344 1038 2414 odor,
1068 2343 1341 2410 tumidus
1370 2347 1779 2421 quatiensque
1807 2344 2058 2402 decoras
2200 2352 2306 2401 290

495 2443 746 2492 curvata
774 2438 1009 2493 cervice
1036 2434 1212 2492 iubas
1242 2433 1554 2492 Pharsalia
1580 2454 1722 2491 rura

496 2524 775 2603 pervolat
804 2533 869 2583 et
896 2534 1074 2584 notos
1103 2525 1348 2583 hinnitu
1375 2524 1619 2603 flagitat
1647 2545 1859 2584 amnes

498 2617 744 2674 naribus
777 2620 1044 2674 accensis
1072 2636 1087 2686 3
1139 2615 1371 2674 mulcet
1400 2615 1666 2675 fecunda
1695 2620 2019 2695 magistros

498 2725 638 2784 spes
668 2710 872 2784 gregis
903 2715 968 2765 et
996 2705 1249 2783 pulchro
1280 2707 1558 2784 gaudent
1588 2715 1869 2765 armenta
1896 2710 2139 2765 marito.

576 2796 885 2854 Candidus
917 2800 1159 2855 interea
1190 2802 1405 2875 positis
1441 2802 1746 2856 exercitus
1780 2802 1961 2856 armis
2204 2806 2310 2855 295

501 2888 743 2947 exultat
770 2908 1048 2946 socerum
1074 2892 1233 2947 circa
1261 2908 1276 2958 3
1325 2909 1440 2947 nec
1468 2888 1720 2967 signifer
1748 2888 1904 2947 ullus

568 3089 588 3119 ¹
623 3089 809 3139 Venus
843 3093 957 3140 acts
990 3104 1050 3140 as
1080 3089 1341 3153 pronuba.
1412 3089 1527 3140 The
1561 3092 1779 3155 parting
1811 3090 1873 3141 of
1900 3091 1992 3142 the
2026 3091 2143 3140 hair
2176 3091 2313 3141 with

498 3155 590 3205 the
628 3171 784 3220 spear
814 3171 923 3205 was
962 3171 997 3206 a
1027 3155 1152 3206 relic
1183 3155 1244 3206 of
1271 3157 1538 3220 marriage
1574 3156 1650 3221 by
1679 3161 1901 3222 capture
1931 3156 2023 3221 (cf.
2058 3154 2312 3207 Catullus

500 3219 633 3284 lxi).

505 3297 621 3357 262
