2511 3938
1147 355 1594 415 CLAUDIAN

467 535 581 574 nec
608 513 782 573 miles
809 513 1054 593 pluviae
1081 513 1261 572 flores
1289 514 1644 592 dispergere
1671 498 1797 571 ritu

465 625 669 676 cessat
696 635 1130 695 purpureoque
1161 616 1383 674 ducem
1413 614 1785 693 perfundere
1816 615 2045 672 nimb0.

466 716 621 776 haec
650 737 896 796 quoque
925 716 1114 775 velati
1140 716 1312 775 lauro
1340 724 1668 795 myrtoque
1698 716 2005 773 canebant
2032 734 2046 772 ι

544 827 582 854 “
610 819 769 877 Dive
795 836 1041 896 parenS,
1069 837 1179 875 seu
1207 826 1275 876 te
1303 816 1731 895 complectitur
1759 820 1889 874 axis
1919 815 2192 895 Olympi,

465 939 577 978 seu
608 923 834 998 premis
868 919 1106 999 Elysias
1140 923 1482 977 animarum
1512 923 1787 997 praemia
1818 918 2025 988 valles,
2174 905 2275 974 301

467 1040 547 1080 en
573 1025 870 1101 promissa
896 1023 1010 1081 tibi
1038 1021 1290 1081 Stilicho
1315 1026 1440 1080 iam
1466 1031 1612 1081 vota
1636 1025 1881 1100 peregit
1905 1039 1921 1091 3

464 1128 589 1183 iam
619 1134 835 1203 gratae
864 1125 1104 1185 rediere
1126 1129 1295 1183 vices
1322 1144 1338 1196 3
1389 1123 1693 1184 cunabula
1719 1131 1943 1203 pensat
1967 1141 1984 1193 3

465 1237 791 1306 acceptum
821 1227 1029 1287 reddit
1060 1226 1402 1286 thalamum
1434 1235 1707 1305 natoque
1738 1228 2004 1304 reponit,

465 1330 632 1408 quod
661 1330 922 1388 dederat
948 1333 1212 1409 genitor.
1293 1348 1631 1407 numquam
1659 1337 1746 1399 te,
1776 1336 2011 1398 sancte,
2030 1327 2276 1406 pigebit

463 1432 670 1489 iudicii
698 1452 814 1491 nec
842 1440 909 1490 te
936 1435 1137 1510 pietas
1167 1451 1454 1509 suprema
1480 1429 1723 1490 fefellit.
2171 1436 2275 1487 306

464 1532 686 1611 dignus
716 1537 814 1592 cui
842 1533 1034 1613 leges,
1065 1534 1285 1611 dignus
1316 1537 1413 1591 cui
1440 1537 1699 1611 pignora
1727 1536 1891 1591 tanti

462 1638 751 1713 principis
785 1644 850 1693 et
879 1656 1085 1693 rerum
1113 1635 1692 1693 commendarentur
1720 1633 2024 1693 habenae.

462 1737 668 1796 dicere
698 1757 1038 1815 possemus,
1068 1757 1228 1816 quae
1258 1736 1492 1815 proelia
1521 1745 1700 1815 gesta
1730 1737 1844 1794 sub
1876 1735 2117 1793 Haemo

463 1858 750 1918 quaeque
780 1843 1161 1897 cruentarint
1190 1837 1538 1897 fumantem
1566 1838 1895 1918 Strymona
1922 1856 2192 1915 pugnae,

464 1960 653 2018 quam
681 1948 864 1999 notus
894 1938 1111 2018 clipe0,
1142 1948 1377 2019 quanta
1405 1943 1465 1998 vi
1493 1937 1780 1998 fulminet
1808 1938 2072 2009 hostem,
2168 1945 2270 1996 311

463 2044 527 2099 ni
561 2042 918 2120 prohiberet
952 2041 1222 2122 Hymen.
1303 2062 1463 2121 quae
1498 2045 1871 2119 tempestiva
1903 2040 2126 2110 relatu,

463 2163 628 2201 nunc
655 2147 948 2202 canimuS.
1027 2147 1162 2222 quis
1190 2142 1459 2214 consilio,
1488 2146 1621 2221 quis
1649 2146 1794 2200 iuris
1824 2151 1891 2200 et
1919 2145 2101 2220 aequi

462 2265 641 2303 nosse
683 2246 934 2304 modum
975 2244 1237 2304 melior?
1319 2245 1484 2324 quod
1526 2263 1769 2322 semper
1813 2242 2052 2314 dissilit,
2091 2247 2157 2300 in
2199 2252 2269 2301 te

463 2350 770 2418 convenit,
799 2351 1048 2425 ingenio
1077 2348 1283 2417 robur,
1311 2347 1644 2425 prudentia
1672 2344 1838 2404 forti.
2164 2353 2269 2402 315

462 2430 666 2507 fronte
696 2453 830 2527 quis
860 2447 1102 2526 aequali
1127 2449 1150 2506 ?
1231 2469 1418 2527 quem
1446 2452 1530 2507 sic
1559 2447 1836 2506 Romana
1863 2447 2159 2506 decerent

352 2575 357 2579 ·
463 2549 728 2608 culmina
753 2551 776 2608 ?
857 2549 1205 2607 sufficerent
1233 2552 1425 2608 tantis
1457 2568 1616 2627 quae
1646 2556 1900 2626 pectora
1929 2550 2086 2606 curis
2113 2548 2136 2605 ?

463 2661 590 2709 stes
619 2650 766 2709 licet
793 2654 856 2708 in
885 2650 1132 2728 populo,
1163 2649 1391 2709 clamet
1419 2654 1788 2729 quicumque
1818 2650 2054 2708 videbit
2077 2669 2090 2707 ι

462 2760 477 2787 ‘
501 2750 599 2809 hic
628 2759 744 2820 est,
771 2751 869 2809 hic
896 2749 1147 2809 Stilicho
1175 2751 1186 2809 Ξ
1213 2750 1225 2770 ’
1308 2754 1391 2809 sic
1418 2771 1484 2809 se
1512 2759 1781 2810 testatur
1809 2758 1875 2809 et
1900 2748 2079 2808 offert

439 2849 624 2918 *celsa
652 2854 981 2927 potestatis
1013 2853 1270 2928 specieS,
1300 2871 1424 2909 non
1454 2871 1601 2910 voce
1632 2849 1841 2920 feroci,
2163 2859 2267 2909 320

461 2970 585 3008 non
614 2949 739 3008 alto
768 2949 1054 3008 simulata
1082 2950 1299 3028 gradu,
1329 2972 1451 3029 non
1478 2952 1758 3029 improba
1785 2958 1988 3029 gestu.

462 3050 784 3110 adfectant
813 3050 913 3109 alii
945 3050 1244 3129 quidquid
1275 3050 1547 3129 fingique
1576 3050 1880 3120 laborant,

459 3152 574 3211 hoc
603 3153 797 3211 donat
824 3160 1047 3210 natura
1075 3152 1209 3209 tibi.
1289 3151 1486 3229 pudor
1516 3156 1741 3210 emicat
1770 3172 1893 3210 una

463 3269 579 3329 264
