2511 3938
1154 211 1603 271 CLAUDIAN

477 390 664 447 quem
690 372 978 430 dederint
1001 370 1224 430 fratres
1251 387 1267 441 3
1315 371 1469 430 haec
1495 374 1719 430 terruit
1746 371 2027 431 Herculis
2053 391 2162 431 ora

478 460 545 511 et
572 451 926 511 defensores
954 461 1257 511 terrarum
1282 452 1503 530 polluit
1530 473 1725 523 arcuS,
2221 464 2294 514 80

476 533 630 592 haec
657 534 1118 593 Athamanteae
1145 534 1374 593 direxit
1399 534 1630 612 spicula
1657 535 1938 605 dextrae,

476 614 632 673 haec
660 614 1179 694 Agamemnonios
1207 619 1372 673 inter
1397 614 1698 674 bacchata
1723 622 1984 693 penates

478 695 730 755 alternis
757 697 903 755 lusit
927 697 1150 775 iugulis
1177 714 1192 766 3
1241 697 1357 756 hac
1384 701 1630 774 auspice
1657 698 1882 756 taedae

478 777 845 855 Oedipoden
872 782 1076 848 matri,
1102 787 1289 837 natae
1314 782 1572 837 iunxere
1598 778 1936 857 ssyesten.

479 879 638 936 quae
665 869 814 918 tunc
840 859 1164 918 horrisonis
1193 858 1415 918 effatur
1441 859 1590 918 talia
1616 860 1795 918 dictis
1824 880 1838 918 ε
2218 870 2291 919 85

557 949 594 976 “
620 940 808 1020 Signa
836 941 1108 1018 quidem,
1136 944 1358 1011 sociae,
1386 941 1556 999 divos
1585 940 1869 1000 attollere
1896 950 2111 1000 contra

476 1041 592 1080 nec
608 1020 710 1080 fas
739 1031 835 1081 est
860 1042 975 1080 nec
1000 1041 1179 1099 posse
1206 1042 1345 1080 reor
1370 1041 1385 1091 3
1434 1023 1545 1081 sed
1570 1021 1818 1081 laedere
1844 1023 2143 1081 mundum

477 1107 527 1161 si
553 1103 707 1162 libet
735 1113 801 1162 et
825 1103 1065 1181 populis
1092 1123 1417 1162 commune
1442 1104 1768 1163 intendere
1794 1103 2010 1163 letum.

478 1194 575 1243 est
600 1185 750 1242 mihi
773 1185 1121 1263 prodigium
1147 1188 1381 1243 cunctis
1406 1188 1711 1244 inmanius
1738 1186 1968 1264 hydris,

476 1266 704 1343 tigride
730 1266 1012 1324 mobilius
1038 1264 1192 1336 feta,
1218 1266 1545 1325 violentius
1573 1268 1816 1325 Austris
2216 1276 2288 1325 90

477 1348 737 1417 acribuS,
765 1347 979 1424 Euripi
1004 1346 1185 1406 fulvis
1210 1351 1502 1406 incertius
1530 1348 1707 1406 undis

444 1504 451 1509 ,
478 1428 754 1499 Rufinus,
782 1448 969 1507 quem
993 1432 1193 1506 prima
1218 1449 1359 1487 meo
1387 1430 1466 1488 de
1493 1438 1692 1488 matre
1719 1429 2047 1488 cadentem

477 1513 716 1587 suscepi
742 1514 996 1588 gremio.
1075 1530 1298 1587 parvus
1324 1515 1595 1587 reptavit
1619 1513 1683 1567 in
1708 1514 1828 1570 isto

477 1610 663 1668 saepe
690 1595 826 1649 sinu
853 1601 1194 1670 teneroque
1219 1611 1333 1670 per
1360 1592 1551 1650 ardua
1577 1590 1730 1650 colla
1756 1590 1999 1650 volutus

478 1673 670 1730 ubera
698 1676 1001 1750 quaesivit
1026 1672 1180 1732 fletu
1205 1672 1552 1752 linguisque
1579 1672 1839 1732 trisulcis
2216 1683 2284 1732 95

478 1753 684 1811 mollia
709 1754 1054 1813 lambentes
1082 1754 1396 1813 finxerunt
1420 1755 1699 1813 membra
1724 1763 2001 1813 cerastae
2028 1772 2044 1824 3

478 1855 704 1912 meque
733 1838 922 1893 etiam
948 1836 1238 1894 tradente
1267 1835 1436 1894 dolos
1464 1844 1753 1913 artesque
1780 1836 2041 1894 nocendi
2085 1858 2093 1864 ·

480 1916 731 1976 edidicit
758 1937 772 1976 z
820 1917 1105 1976 simulare
1133 1917 1321 1976 fidem
1347 1936 1683 1995 sensusque
1710 1921 1979 1977 minaces

476 2007 806 2077 protegere
836 2008 901 2057 et
926 2000 1153 2058 blando
1178 1998 1461 2058 fraudem
1486 2009 1855 2077 praetexere
1880 2004 2027 2070 risu,

477 2080 695 2157 plenus
723 2084 1015 2139 saevitiae
1042 2080 1317 2159 lucrique
1344 2080 1629 2158 cupidine
1655 2079 1919 2140 fervens,
2185 2091 2283 2140 100

479 2182 602 2220 non
627 2162 990 2221 Tartesiacis
1015 2161 1187 2220 illum
1213 2165 1470 2221 satiaret
1496 2162 1739 2220 harenis
1996 2174 2003 2181 ·

479 2251 819 2320 tempestas
845 2247 1116 2320 pretiosa
1141 2243 1317 2321 Tagi,
1343 2262 1467 2301 non
1493 2252 1714 2322 stagna
1739 2244 2017 2302 rubentis

479 2345 665 2382 aurea
693 2324 925 2383 Pactoli
950 2344 966 2394 3
1014 2333 1342 2402 totumque
1372 2324 1725 2383 exhauserit
1752 2325 2076 2395 Hermum,

479 2407 722 2465 ardebit
749 2410 978 2464 maiore
1005 2410 1127 2464 siti.
1208 2425 1396 2483 quam
1420 2404 1633 2464 fallere
1659 2416 1903 2465 mentes
1929 2451 1932 2454 Α

479 2487 702 2546 doctus·
723 2496 790 2546 et
815 2491 1134 2546 unanimos
1162 2488 1315 2547 odiis
1341 2488 1592 2546 turbare
1621 2485 1859 2546 sodales
1886 2488 1898 2545 Ξ
2182 2497 2283 2546 105

477 2569 670 2627 talem
694 2572 1019 2646 progenies
1046 2569 1364 2627 hominum
1390 2572 1439 2626 si
1464 2572 1663 2647 prisca
1688 2567 1952 2639 tulisset,

478 2649 835 2708 Perithoum
860 2648 1109 2728 fugeret
1134 2650 1429 2718 TheseuS‚
1456 2648 1719 2708 offensus
1748 2649 2037 2709 Orestem

478 2731 793 2790 desereret
820 2729 1103 2809 Pylades,
1131 2731 1361 2790 odisset
1390 2730 1645 2789 Castora
1673 2730 1907 2789 Pollux.

474 2816 608 2889 ipsa
635 2813 886 2889 quidem
911 2811 1112 2870 fateor
1138 2816 1297 2871 vinci
1322 2813 1660 2890 rapidoque
1687 2816 2046 2891 magistram

555 3005 578 3035 1
612 3004 895 3064 AthamaS‚
945 3003 1087 3070 king,
1137 3003 1200 3055 of
1250 3003 1643 3065 OrchomenuS,
1700 3004 1985 3056 murdered
2040 3005 2123 3056 his
2178 3021 2275 3057 son

475 3069 748 3121 Learchus
773 3071 827 3120 in
852 3086 885 3120 a
907 3069 968 3120 fit
990 3069 1053 3120 of
1070 3068 1339 3121 madneSS.

477 3157 553 3208 32
