2511 3938
1140 341 1589 400 CLAUDIAN

465 523 696 583 aggere
723 506 1082 581 conspicuus
1109 521 1125 571 ;
1174 510 1302 560 stat
1327 499 1692 559 circumfusa
1717 505 2004 558 iuventus
2169 509 2269 556 425

464 602 610 656 nixa
637 597 828 655 hastis
855 616 1201 674 pronasque
1227 595 1404 653 ferox
1432 595 1854 655 accommodat
1881 613 2058 653 aures
2086 614 2101 652 ε

543 702 582 729 “
608 692 934 751 Gildonem
961 692 1269 751 domitura
1294 711 1511 749 manus
1517 734 1533 761 ,
1559 694 1855 769 promissa
1880 693 2200 767 minasque

465 794 713 864 tempus
741 791 862 866 agi.
942 791 992 844 si
1020 786 1169 865 quid
1192 807 1306 865 pro
1333 806 1434 844 me
1463 785 1761 855 doluistiS,
1787 789 1851 843 in
1879 789 2059 844 armis

465 890 780 939 ostentate
807 881 957 939 mihi
982 900 998 950 ;
1044 885 1207 939 iusto
1232 900 1583 959 magnoque
1612 879 1922 957 triumpho

465 976 670 1035 civiles
700 976 945 1035 abolete
974 985 1151 1034 notas
1179 995 1194 1045 3
1243 980 1398 1034 sciat
1425 977 1586 1034 orbis
1614 977 1778 1034 Eous
2170 982 2272 1031 430

466 1075 670 1150 sitque
698 1071 904 1148 palam
932 1070 1138 1129 Gallos
1166 1091 1371 1140 causa,
1399 1091 1523 1129 non
1550 1072 1766 1129 robore
1794 1073 1972 1128 vinci.

465 1185 580 1224 nec
606 1185 733 1235 VOS,
760 1166 1106 1223 barbariem
1134 1169 1410 1242 quamvis
1437 1164 1754 1242 collegerit
1781 1184 2048 1235 omnem,

465 1265 721 1317 terreat.
801 1279 881 1316 an
910 1259 1115 1317 Mauri
1141 1258 1459 1317 fremitum
1485 1278 1822 1337 raucosque
1849 1257 2127 1337 repulsus

466 1353 805 1411 umbonum
833 1361 899 1410 et
925 1361 1160 1411 vestros
1186 1356 1425 1430 passuri
1451 1356 1787 1411 comminus
1817 1372 1992 1410 enses
2020 1353 2043 1410 ?

465 1468 589 1505 non
616 1456 830 1505 contra
856 1447 1065 1525 clipeis
1092 1456 1293 1505 tectos
1321 1447 1661 1525 gladiisque
1688 1451 1987 1506 micantes
2171 1456 2273 1505 435

464 1543 632 1600 ibitis
661 1563 675 1600 ε
725 1545 790 1599 in
820 1541 960 1600 solis
990 1541 1173 1620 longe
1204 1540 1427 1600 fiducia
1457 1541 1617 1600 telis,

468 1643 820 1693 exarmatus
851 1639 988 1705 erit,
1016 1655 1155 1692 cum
1183 1634 1408 1692 missile
1437 1638 1706 1705 torserit,
1734 1634 1946 1694 hostis,

466 1729 688 1788 dextra
714 1738 923 1787 movet
948 1728 1236 1799 iaculum,
1263 1737 1625 1806 praetentat
1651 1728 1836 1806 pallia
1863 1729 2039 1787 laeva
2065 1749 2081 1799 3

466 1832 676 1882 cetera
702 1822 902 1881 nudus
932 1843 1142 1901 eques,
1223 1826 1465 1899 sonipes
1492 1827 1740 1901 ignarus
1768 1823 2050 1882 habenae
2076 1844 2092 1895 3

466 1922 637 1997 virga
664 1922 847 1997 regit.
926 1938 1050 1976 non
1078 1916 1199 1976 ulla
1227 1917 1402 1988 fides,
1428 1938 1553 1977 non
1580 1922 1838 1997 agminis
1867 1919 2014 1979 ordo
2043 1940 2057 1979 ε
2172 1929 2275 1979 440

468 2034 638 2072 arma
665 2018 857 2084 oneri,
883 2011 1033 2092 fuga
1058 2013 1384 2090 praesidio,
1464 2015 1725 2073 conubia
1751 2014 1916 2073 mille
1943 2034 1959 2084 ;

467 2129 590 2166 non
615 2107 730 2166 illis
757 2111 1001 2187 generis
1030 2127 1247 2178 nexuS,
1274 2128 1399 2166 non
1424 2112 1681 2187 pignora
1709 2129 1890 2167 curae
1920 2131 1933 2167 z

467 2203 578 2262 sed
605 2223 859 2261 numero
885 2202 1144 2281 languet
1168 2207 1392 2281 pietas,
1472 2202 1624 2261 haec
1651 2208 1826 2281 copia
1854 2204 2039 2283 vulgi.

455 2297 786 2355 ‘umbratus
814 2297 940 2355 dux
967 2300 1099 2373 ipse
1127 2299 1278 2354 rosis
1307 2305 1373 2354 et
1398 2297 1701 2355 marcidus
1727 2298 1845 2356 ibit

468 2395 799 2470 unguentis
827 2390 1173 2468 crudusque
1200 2391 1337 2448 cibo
1364 2391 1765 2469 titubansque
1796 2391 2027 2471 Lyaeo,
2171 2403 2275 2451 445

466 2485 782 2545 confectus
810 2488 1000 2555 senio,
1027 2485 1252 2543 morbis
1281 2488 1631 2563 stuprisque
1660 2485 1915 2545 solutuS.

469 2585 703 2640 excitet
728 2584 993 2637 incestos
1022 2578 1299 2637 turmalis
1326 2580 1549 2637 bucina
1576 2600 1839 2652 somnos,

467 2674 754 2753 imploret
780 2672 1044 2730 citharas
1073 2676 1565 2751 cantatricesque
1593 2673 1844 2733 choreas

466 2768 730 2827 offensus
758 2767 1018 2826 stridore
1046 2767 1236 2825 tubae
1266 2767 1586 2846 discatque
1613 2778 1880 2841 coactuS‚

467 2883 618 2941 quas
646 2862 861 2942 vigilat
888 2862 1134 2932 Veneri,
1160 2866 1374 2920 castris
1399 2864 1758 2941 impendere
1785 2875 2019 2930 noctes,
2172 2878 2276 2928 450

471 2983 2268 3013 —4—————————-——

535 3077 556 3108 1
592 3076 680 3126 He
710 3074 931 3140 appeals
961 3079 1018 3124 to
1048 3075 1140 3125 the
1171 3075 1345 3126 Gallie
1376 3076 1605 3128 clement
1636 3077 1697 3127 of
1720 3078 1812 3130 the
1841 3096 1998 3145 army
2028 3086 2085 3132 to
2116 3087 2281 3136 atone

464 3141 548 3192 for
573 3143 640 3192 its
666 3143 912 3205 previous
938 3145 1162 3205 support
1185 3140 1248 3193 of
1271 3142 1543 3193 Maximus
1566 3143 1677 3195 and
1702 3144 1995 3210 EugeniuS.

476 3279 590 3331 130
