<?xml version="1.0" encoding="UTF-8"?>
<!DOCTYPE html PUBLIC "-//W3C//DTD XHTML 1.0 Transitional//EN"
    "http://www.w3.org/TR/xhtml1/DTD/xhtml1-transitional.dtd">
<html xmlns="http://www.w3.org/1999/xhtml" xml:lang="en" lang="en">
 <head>
  <title>
</title>
<meta http-equiv="Content-Type" content="text/html;charset=utf-8" />
  <meta name='ocr-system' content='tesseract 3.04.00' />
  <meta name='ocr-capabilities' content='ocr_page ocr_carea ocr_par ocr_line ocrx_word'/>
</head>
<body>
  <div class='ocr_page' id='page_1' title='image "./claudianvolume00claugoog_0396.png"; bbox 0 0 2511 3938; ppageno 0'>
   <div class='ocr_carea' id='block_1_1' title="bbox 823 990 2060 1052">
    <p class='ocr_par' dir='ltr' id='par_1_1' title="bbox 823 990 2060 1052">
     <span class='ocr_line' id='line_1_1' title="bbox 823 990 2060 1052; baseline -0.002 -1"><span class='ocrx_word' id='word_1_1' title='bbox 823 993 939 1051; x_wconf 94' lang='lat' dir='ltr'>DE</span> <span class='ocrx_word' id='word_1_2' title='bbox 981 991 1488 1052; x_wconf 88' lang='lat' dir='ltr'>CONSULATU</span> <span class='ocrx_word' id='word_1_3' title='bbox 1530 990 2060 1052; x_wconf 89' lang='lat' dir='ltr'>STILICHONIS</span> 
     </span>
    </p>
   </div>
   <div class='ocr_carea' id='block_1_2' title="bbox 1268 1154 1614 1392">
    <p class='ocr_par' dir='ltr' id='par_1_2' title="bbox 1268 1154 1614 1392">
     <span class='ocr_line' id='line_1_2' title="bbox 1268 1154 1614 1214; baseline 0.003 -2"><span class='ocrx_word' id='word_1_4' title='bbox 1268 1154 1520 1212; x_wconf 80' lang='lat' dir='ltr'>LIBER</span> <span class='ocrx_word' id='word_1_5' title='bbox 1563 1154 1614 1214; x_wconf 95' lang='lat'>1.</span> 
     </span>
     <span class='ocr_line' id='line_1_3' title="bbox 1329 1313 1554 1392; baseline 0 -21"><span class='ocrx_word' id='word_1_6' title='bbox 1329 1313 1554 1392; x_wconf 88' lang='lat' dir='ltr'>(XXI.)</span> 
     </span>
    </p>
   </div>
   <div class='ocr_carea' id='block_1_3' title="bbox 535 1468 2360 3245">
    <p class='ocr_par' dir='ltr' id='par_1_3' title="bbox 535 1468 2360 3245">
     <span class='ocr_line' id='line_1_4' title="bbox 618 1468 1981 1550; baseline -0.002 -20"><span class='ocrx_word' id='word_1_7' title='bbox 618 1471 999 1530; x_wconf 83' lang='lat' dir='ltr'><strong>Continuant</strong></span> <span class='ocrx_word' id='word_1_8' title='bbox 1025 1475 1231 1550; x_wconf 89' lang='lat' dir='ltr'>superi</span> <span class='ocrx_word' id='word_1_9' title='bbox 1257 1471 1442 1549; x_wconf 92' lang='lat' dir='ltr'>pleno</span> <span class='ocrx_word' id='word_1_10' title='bbox 1471 1471 1748 1529; x_wconf 88' lang='lat' dir='ltr'>Romana</span> <span class='ocrx_word' id='word_1_11' title='bbox 1773 1468 1981 1528; x_wconf 89' lang='lat' dir='ltr'>favore</span> 
     </span>
     <span class='ocr_line' id='line_1_5' title="bbox 540 1566 2146 1644; baseline -0.001 -21"><span class='ocrx_word' id='word_1_12' title='bbox 540 1566 769 1644; x_wconf 86' lang='lat' dir='ltr'>gaudia</span> <span class='ocrx_word' id='word_1_13' title='bbox 796 1585 1231 1643; x_wconf 84' lang='lat' dir='ltr'>successusque</span> <span class='ocrx_word' id='word_1_14' title='bbox 1262 1569 1433 1624; x_wconf 91' lang='lat' dir='ltr'>novis</span> <span class='ocrx_word' id='word_1_15' title='bbox 1461 1566 1835 1624; x_wconf 85' lang='lat' dir='ltr'>successibus</span> <span class='ocrx_word' id='word_1_16' title='bbox 1866 1572 2102 1642; x_wconf 82' lang='lat' dir='ltr'>augent</span> <span class='ocrx_word' id='word_1_17' title='bbox 2132 1585 2146 1622; x_wconf 89' lang='lat'>:</span> 
     </span>
     <span class='ocr_line' id='line_1_6' title="bbox 540 1660 1806 1739; baseline -0.001 -21"><span class='ocrx_word' id='word_1_18' title='bbox 540 1660 786 1718; x_wconf 90' lang='lat' dir='ltr'>conubii</span> <span class='ocrx_word' id='word_1_19' title='bbox 814 1660 1079 1719; x_wconf 87' lang='lat' dir='ltr'>necdum</span> <span class='ocrx_word' id='word_1_20' title='bbox 1106 1660 1360 1719; x_wconf 90' lang='lat' dir='ltr'>festivos</span> <span class='ocrx_word' id='word_1_21' title='bbox 1388 1664 1562 1739; x_wconf 87' lang='lat' dir='ltr'>regia</span> <span class='ocrx_word' id='word_1_22' title='bbox 1589 1669 1806 1718; x_wconf 87' lang='lat' dir='ltr'>cantus</span> 
     </span>
     <span class='ocr_line' id='line_1_7' title="bbox 543 1753 1938 1831; baseline 0 -20"><span class='ocrx_word' id='word_1_23' title='bbox 543 1757 833 1831; x_wconf 85' lang='lat' dir='ltr'>sopierat,</span> <span class='ocrx_word' id='word_1_24' title='bbox 863 1758 1086 1812; x_wconf 82' lang='lat' dir='ltr'>cecinit</span> <span class='ocrx_word' id='word_1_25' title='bbox 1114 1753 1251 1812; x_wconf 90' lang='lat' dir='ltr'>fuso</span> <span class='ocrx_word' id='word_1_26' title='bbox 1284 1754 1546 1813; x_wconf 91' lang='lat' dir='ltr'>Gildone</span> <span class='ocrx_word' id='word_1_27' title='bbox 1577 1753 1916 1831; x_wconf 90' lang='lat' dir='ltr'>triumphos</span> <span class='ocrx_word' id='word_1_28' title='bbox 1922 1796 1938 1823; x_wconf 90' lang='lat'><strong><em>,</em></strong></span> 
     </span>
     <span class='ocr_line' id='line_1_8' title="bbox 542 1846 2360 1917; baseline 0 -12"><span class='ocrx_word' id='word_1_29' title='bbox 542 1856 610 1906; x_wconf 93' lang='lat' dir='ltr'>et</span> <span class='ocrx_word' id='word_1_30' title='bbox 637 1847 846 1906; x_wconf 83' lang='lat' dir='ltr'>calidis</span> <span class='ocrx_word' id='word_1_31' title='bbox 875 1846 1131 1906; x_wconf 89' lang='lat' dir='ltr'>thalami</span> <span class='ocrx_word' id='word_1_32' title='bbox 1160 1852 1452 1908; x_wconf 89' lang='lat' dir='ltr'>successit</span> <span class='ocrx_word' id='word_1_33' title='bbox 1479 1848 1689 1907; x_wconf 92' lang='lat' dir='ltr'>laurea</span> <span class='ocrx_word' id='word_1_34' title='bbox 1717 1852 1916 1917; x_wconf 85' lang='lat' dir='ltr'>sertiS‚</span> <span class='ocrx_word' id='word_1_35' title='bbox 2327 1859 2360 1905; x_wconf 86' lang='lat'><strong>5</strong></span> 
     </span>
     <span class='ocr_line' id='line_1_9' title="bbox 541 1944 2050 2022; baseline -0.001 -22"><span class='ocrx_word' id='word_1_36' title='bbox 541 1949 816 2000; x_wconf 90' lang='lat' dir='ltr'>sumeret</span> <span class='ocrx_word' id='word_1_37' title='bbox 836 1951 906 2001; x_wconf 91' lang='lat' dir='ltr'>ut</span> <span class='ocrx_word' id='word_1_38' title='bbox 923 1945 1157 2021; x_wconf 87' lang='lat' dir='ltr'>pariter</span> <span class='ocrx_word' id='word_1_39' title='bbox 1172 1946 1457 2022; x_wconf 90' lang='lat' dir='ltr'>princeps</span> <span class='ocrx_word' id='word_1_40' title='bbox 1476 1961 1825 2021; x_wconf 90' lang='lat' dir='ltr'>nomenque</span> <span class='ocrx_word' id='word_1_41' title='bbox 1845 1944 2050 2001; x_wconf 88' lang='lat' dir='ltr'>mariti</span> 
     </span>
     <span class='ocr_line' id='line_1_10' title="bbox 540 2037 2161 2117; baseline -0.001 -21"><span class='ocrx_word' id='word_1_42' title='bbox 540 2041 910 2116; x_wconf 85' lang='lat' dir='ltr'>victorisque</span> <span class='ocrx_word' id='word_1_43' title='bbox 943 2038 1129 2098; x_wconf 90' lang='lat' dir='ltr'>decus</span> <span class='ocrx_word' id='word_1_44' title='bbox 1156 2058 1172 2109; x_wconf 84' lang='lat'><em>3</em></span> <span class='ocrx_word' id='word_1_45' title='bbox 1227 2038 1464 2117; x_wconf 89' lang='lat' dir='ltr'>Libyae</span> <span class='ocrx_word' id='word_1_46' title='bbox 1495 2047 1637 2117; x_wconf 91' lang='lat' dir='ltr'>post</span> <span class='ocrx_word' id='word_1_47' title='bbox 1666 2037 1898 2116; x_wconf 92' lang='lat' dir='ltr'>proelia</span> <span class='ocrx_word' id='word_1_48' title='bbox 1928 2041 2161 2096; x_wconf 91' lang='lat' dir='ltr'>crimen</span> 
     </span>
     <span class='ocr_line' id='line_1_11' title="bbox 540 2133 2003 2211; baseline 0 -21"><span class='ocrx_word' id='word_1_49' title='bbox 540 2133 808 2191; x_wconf 89' lang='lat' dir='ltr'>concidit</span> <span class='ocrx_word' id='word_1_50' title='bbox 840 2133 1061 2203; x_wconf 90' lang='lat' dir='ltr'>Eoum,</span> <span class='ocrx_word' id='word_1_51' title='bbox 1092 2153 1422 2211; x_wconf 90' lang='lat' dir='ltr'>rursusque</span> <span class='ocrx_word' id='word_1_52' title='bbox 1457 2133 1715 2192; x_wconf 88' lang='lat' dir='ltr'>Oriente</span> <span class='ocrx_word' id='word_1_53' title='bbox 1748 2134 2003 2191; x_wconf 91' lang='lat' dir='ltr'>subacto</span> 
     </span>
     <span class='ocr_line' id='line_1_12' title="bbox 542 2225 2058 2306; baseline 0 -22"><span class='ocrx_word' id='word_1_54' title='bbox 542 2225 789 2285; x_wconf 91' lang='lat' dir='ltr'>consule</span> <span class='ocrx_word' id='word_1_55' title='bbox 821 2226 1114 2286; x_wconf 89' lang='lat' dir='ltr'>defensae</span> <span class='ocrx_word' id='word_1_56' title='bbox 1145 2236 1406 2306; x_wconf 88' lang='lat' dir='ltr'>surgunt</span> <span class='ocrx_word' id='word_1_57' title='bbox 1436 2226 1766 2287; x_wconf 89' lang='lat' dir='ltr'>Stilichone</span> <span class='ocrx_word' id='word_1_58' title='bbox 1797 2246 2058 2306; x_wconf 80' lang='lat' dir='ltr'>secures,</span> 
     </span>
     <span class='ocr_line' id='line_1_13' title="bbox 543 2319 2357 2399; baseline 0.001 -21"><span class='ocrx_word' id='word_1_59' title='bbox 543 2319 755 2378; x_wconf 89' lang='lat' dir='ltr'>ordine</span> <span class='ocrx_word' id='word_1_60' title='bbox 784 2330 930 2379; x_wconf 91' lang='lat' dir='ltr'>vota</span> <span class='ocrx_word' id='word_1_61' title='bbox 956 2329 1190 2380; x_wconf 89' lang='lat' dir='ltr'>meant.</span> <span class='ocrx_word' id='word_1_62' title='bbox 1273 2322 1559 2399; x_wconf 89' lang='lat' dir='ltr'>equidem</span> <span class='ocrx_word' id='word_1_63' title='bbox 1587 2325 1637 2379; x_wconf 92' lang='lat' dir='ltr'>si</span> <span class='ocrx_word' id='word_1_64' title='bbox 1665 2340 1912 2380; x_wconf 88' lang='lat' dir='ltr'>carmen</span> <span class='ocrx_word' id='word_1_65' title='bbox 1937 2324 2002 2378; x_wconf 92' lang='lat' dir='ltr'>in</span> <span class='ocrx_word' id='word_1_66' title='bbox 2030 2341 2226 2379; x_wconf 91' lang='lat' dir='ltr'>unum</span> <span class='ocrx_word' id='word_1_67' title='bbox 2292 2331 2357 2380; x_wconf 91' lang='lat'>10</span> 
     </span>
     <span class='ocr_line' id='line_1_14' title="bbox 544 2414 2039 2493; baseline 0 -20"><span class='ocrx_word' id='word_1_68' title='bbox 544 2423 860 2473; x_wconf 88' lang='lat' dir='ltr'>tantarum</span> <span class='ocrx_word' id='word_1_69' title='bbox 888 2435 1131 2493; x_wconf 89' lang='lat' dir='ltr'>sperem</span> <span class='ocrx_word' id='word_1_70' title='bbox 1159 2415 1433 2474; x_wconf 90' lang='lat' dir='ltr'>cumulos</span> <span class='ocrx_word' id='word_1_71' title='bbox 1463 2414 1784 2475; x_wconf 89' lang='lat' dir='ltr'>advolvere</span> <span class='ocrx_word' id='word_1_72' title='bbox 1811 2436 2039 2486; x_wconf 90' lang='lat' dir='ltr'>rerum,</span> 
     </span>
     <span class='ocr_line' id='line_1_15' title="bbox 540 2507 1977 2588; baseline 0.001 -22"><span class='ocrx_word' id='word_1_73' title='bbox 540 2513 883 2586; x_wconf 89' lang='lat' dir='ltr'>promptius</span> <span class='ocrx_word' id='word_1_74' title='bbox 909 2512 1223 2586; x_wconf 92' lang='lat' dir='ltr'>imponam</span> <span class='ocrx_word' id='word_1_75' title='bbox 1249 2509 1492 2588; x_wconf 85' lang='lat' dir='ltr'>glaciali</span> <span class='ocrx_word' id='word_1_76' title='bbox 1521 2507 1731 2568; x_wconf 92' lang='lat' dir='ltr'>Pelion</span> <span class='ocrx_word' id='word_1_77' title='bbox 1760 2510 1977 2569; x_wconf 90' lang='lat' dir='ltr'>Ossae.</span> 
     </span>
     <span class='ocr_line' id='line_1_16' title="bbox 541 2603 2227 2682; baseline 0.001 -22"><span class='ocrx_word' id='word_1_78' title='bbox 541 2607 592 2660; x_wconf 89' lang='lat' dir='ltr'>si</span> <span class='ocrx_word' id='word_1_79' title='bbox 619 2611 864 2680; x_wconf 89' lang='lat' dir='ltr'>partem</span> <span class='ocrx_word' id='word_1_80' title='bbox 892 2607 1156 2662; x_wconf 90' lang='lat' dir='ltr'>tacuisse</span> <span class='ocrx_word' id='word_1_81' title='bbox 1184 2603 1390 2674; x_wconf 90' lang='lat' dir='ltr'>velim,</span> <span class='ocrx_word' id='word_1_82' title='bbox 1421 2605 1851 2682; x_wconf 91' lang='lat' dir='ltr'>quodcumque</span> <span class='ocrx_word' id='word_1_83' title='bbox 1879 2603 2227 2681; x_wconf 90' lang='lat' dir='ltr'>relinquam</span> 
     </span>
     <span class='ocr_line' id='line_1_17' title="bbox 545 2701 2203 2777; baseline 0.001 -23"><span class='ocrx_word' id='word_1_84' title='bbox 545 2701 738 2755; x_wconf 88' lang='lat' dir='ltr'>maius</span> <span class='ocrx_word' id='word_1_85' title='bbox 771 2701 909 2755; x_wconf 89' lang='lat' dir='ltr'>erit.</span> <span class='ocrx_word' id='word_1_86' title='bbox 989 2706 1231 2756; x_wconf 90' lang='lat' dir='ltr'>veteres</span> <span class='ocrx_word' id='word_1_87' title='bbox 1265 2708 1437 2757; x_wconf 90' lang='lat' dir='ltr'>actus</span> <span class='ocrx_word' id='word_1_88' title='bbox 1467 2702 1853 2777; x_wconf 89' lang='lat' dir='ltr'>primamque</span> <span class='ocrx_word' id='word_1_89' title='bbox 1882 2703 2203 2757; x_wconf 87' lang='lat' dir='ltr'>iuventam</span> 
     </span>
     <span class='ocr_line' id='line_1_18' title="bbox 539 2791 2357 2869; baseline 0.001 -21"><span class='ocrx_word' id='word_1_90' title='bbox 539 2810 874 2868; x_wconf 91' lang='lat' dir='ltr'>prosequar</span> <span class='ocrx_word' id='word_1_91' title='bbox 900 2792 923 2848; x_wconf 88' lang='lat'>?</span> <span class='ocrx_word' id='word_1_92' title='bbox 999 2791 1080 2850; x_wconf 91' lang='lat' dir='ltr'>ad</span> <span class='ocrx_word' id='word_1_93' title='bbox 1106 2811 1241 2849; x_wconf 90' lang='lat' dir='ltr'>sese</span> <span class='ocrx_word' id='word_1_94' title='bbox 1269 2800 1547 2850; x_wconf 91' lang='lat' dir='ltr'>mentem</span> <span class='ocrx_word' id='word_1_95' title='bbox 1572 2795 1926 2869; x_wconf 89' lang='lat' dir='ltr'>praesentia</span> <span class='ocrx_word' id='word_1_96' title='bbox 1952 2791 2212 2851; x_wconf 90' lang='lat' dir='ltr'>ducunt.</span> <span class='ocrx_word' id='word_1_97' title='bbox 2290 2801 2357 2850; x_wconf 86' lang='lat'>15</span> 
     </span>
     <span class='ocr_line' id='line_1_19' title="bbox 536 2885 2089 2964; baseline 0.001 -23"><span class='ocrx_word' id='word_1_98' title='bbox 536 2904 780 2943; x_wconf 88' lang='lat' dir='ltr'>narrem</span> <span class='ocrx_word' id='word_1_99' title='bbox 806 2888 1107 2943; x_wconf 91' lang='lat' dir='ltr'>iustitiam</span> <span class='ocrx_word' id='word_1_100' title='bbox 1133 2886 1155 2942; x_wconf 87' lang='lat'>?</span> <span class='ocrx_word' id='word_1_101' title='bbox 1238 2886 1595 2963; x_wconf 89' lang='lat' dir='ltr'>resplendet</span> <span class='ocrx_word' id='word_1_102' title='bbox 1621 2886 1816 2964; x_wconf 88' lang='lat' dir='ltr'>gloria</span> <span class='ocrx_word' id='word_1_103' title='bbox 1845 2885 2089 2944; x_wconf 79' lang='lat' dir='ltr'>Martis,</span> 
     </span>
     <span class='ocr_line' id='line_1_20' title="bbox 536 2977 1956 3058; baseline 0.002 -23"><span class='ocrx_word' id='word_1_104' title='bbox 536 2983 758 3037; x_wconf 90' lang='lat' dir='ltr'>armati</span> <span class='ocrx_word' id='word_1_105' title='bbox 784 2977 1050 3036; x_wconf 89' lang='lat' dir='ltr'>referam</span> <span class='ocrx_word' id='word_1_106' title='bbox 1076 2982 1233 3037; x_wconf 90' lang='lat' dir='ltr'>vires</span> <span class='ocrx_word' id='word_1_107' title='bbox 1261 2981 1284 3037; x_wconf 86' lang='lat'>?</span> <span class='ocrx_word' id='word_1_108' title='bbox 1364 2979 1502 3057; x_wconf 92' lang='lat' dir='ltr'>plus</span> <span class='ocrx_word' id='word_1_109' title='bbox 1532 2983 1661 3058; x_wconf 89' lang='lat' dir='ltr'>egit</span> <span class='ocrx_word' id='word_1_110' title='bbox 1686 2983 1956 3039; x_wconf 79' lang='lat' dir='ltr'>inermis,</span> 
     </span>
     <span class='ocr_line' id='line_1_21' title="bbox 535 3071 2094 3152; baseline 0.001 -22"><span class='ocrx_word' id='word_1_111' title='bbox 535 3072 703 3149; x_wconf 92' lang='lat' dir='ltr'>quod</span> <span class='ocrx_word' id='word_1_112' title='bbox 728 3071 907 3131; x_wconf 89' lang='lat' dir='ltr'>floret</span> <span class='ocrx_word' id='word_1_113' title='bbox 937 3071 1206 3143; x_wconf 91' lang='lat' dir='ltr'>Latium,</span> <span class='ocrx_word' id='word_1_114' title='bbox 1234 3073 1416 3132; x_wconf 93' lang='lat' dir='ltr'>Latio</span> <span class='ocrx_word' id='word_1_115' title='bbox 1445 3074 1611 3152; x_wconf 97' lang='lat' dir='ltr'>quod</span> <span class='ocrx_word' id='word_1_116' title='bbox 1636 3073 1880 3132; x_wconf 90' lang='lat' dir='ltr'>reddita</span> <span class='ocrx_word' id='word_1_117' title='bbox 1905 3076 2094 3133; x_wconf 88' lang='lat' dir='ltr'>servit</span> 
     </span>
     <span class='ocr_line' id='line_1_22' title="bbox 535 3165 2109 3245; baseline 0.001 -22"><span class='ocrx_word' id='word_1_118' title='bbox 535 3165 766 3237; x_wconf 89' lang='lat' dir='ltr'>Africa,</span> <span class='ocrx_word' id='word_1_119' title='bbox 794 3170 1060 3225; x_wconf 89' lang='lat' dir='ltr'>vicinum</span> <span class='ocrx_word' id='word_1_120' title='bbox 1088 3168 1253 3245; x_wconf 93' lang='lat' dir='ltr'>quod</span> <span class='ocrx_word' id='word_1_121' title='bbox 1283 3171 1480 3227; x_wconf 91' lang='lat' dir='ltr'>nescit</span> <span class='ocrx_word' id='word_1_122' title='bbox 1508 3168 1764 3226; x_wconf 88' lang='lat' dir='ltr'>Hiberia</span> <span class='ocrx_word' id='word_1_123' title='bbox 1794 3166 2109 3234; x_wconf 89' lang='lat' dir='ltr'>Maurum,</span> 
     </span>
    </p>
   </div>
   <div class='ocr_carea' id='block_1_4' title="bbox 536 3273 652 3331">
    <p class='ocr_par' dir='ltr' id='par_1_4' title="bbox 536 3273 652 3331">
     <span class='ocr_line' id='line_1_23' title="bbox 536 3273 652 3331; baseline 0 -1"><span class='ocrx_word' id='word_1_124' title='bbox 536 3273 652 3331; x_wconf 81' lang='lat'>364</span> 
     </span>
    </p>
   </div>
  </div>
 </body>
</html>
