2511 3938
1190 336 1640 416 CLAUDIAN

514 501 626 553 aut
650 498 856 571 pueris
883 494 1085 554 latura
1111 504 1316 554 metus
1345 505 1456 554 aut
1481 497 1691 555 taedia
1716 499 1942 554 mensis

516 602 627 652 aut
652 597 883 652 crimen
908 592 1152 652 famulis
1181 602 1292 652 aut
1316 595 1792 672 procedentibus
1819 614 2024 666 omen,
2223 603 2316 652 125

517 700 583 751 et
608 691 760 750 nihil
787 693 1086 751 exhausto
1114 702 1411 772 caperent
1436 697 1499 751 in
1527 697 1739 772 stipite
1766 694 1952 753 lucri:

515 790 818 870 (sternere
846 794 1075 870 quippe
1103 800 1268 850 toros
1295 791 1394 850 vel
1420 794 1679 851 caedere
1705 792 1873 872 ligna
1899 792 2137 851 culinae

517 892 795 950 membra
819 899 1056 969 negant
1081 909 1098 960 ;
1147 910 1385 961 aurum,
1412 900 1639 962 vestes,
1668 912 1889 950 arcana
1914 895 2077 950 tueri

517 1008 691 1047 mens
717 988 907 1047 infida
933 997 1109 1047 vetat
1135 1007 1150 1057 ;
1199 993 1336 1066 quis
1365 992 1529 1046 enim
1556 993 1943 1048 committere
1970 988 2159 1048 vellet

515 1083 722 1146 lenoni
749 1086 1092 1145 thalamum
1117 1085 1167 1166 ?)
1190 1106 1203 1144 :
1247 1086 1505 1146 tandem
1531 1107 1646 1146 ceu
1676 1086 1859 1145 funus
1887 1088 2176 1146 acerbum
2224 1096 2321 1145 130

515 1185 975 1264 infaustamque
1002 1188 1125 1244 suis
1153 1194 1392 1244 trusere
1418 1187 1749 1265 penatibus
1777 1187 2081 1246 umbram.

514 1293 877 1363 contemptu
902 1288 1027 1343 iam
1052 1284 1209 1343 liber
1235 1294 1372 1344 erat
1399 1305 1414 1345 ε
1462 1288 1546 1343 sic
1571 1293 1783 1362 pastor
1808 1286 2065 1343 obesum

514 1383 675 1443 lacte
703 1403 921 1442 canem
946 1382 1232 1463 ferroque
1259 1383 1415 1463 ligat
1439 1387 1761 1462 pascitque
1787 1387 2151 1454 revinctum,

513 1483 664 1542 dum
689 1482 925 1542 validus
952 1502 1194 1541 servare
1221 1503 1479 1562 gregem
1505 1482 1795 1561 vigilique
1822 1502 2075 1560 rapaces

515 1582 747 1641 latratu
773 1591 1008 1641 terrere
1035 1581 1210 1660 lupos
1237 1602 1252 1652 ;
1301 1602 1442 1640 cum
1468 1582 1699 1641 tardior
1724 1582 1892 1641 idem
2228 1591 2327 1640 135

515 1688 639 1743 iam
665 1686 869 1744 scabie
896 1684 1127 1743 laceras
1154 1685 1382 1744 deiecit
1408 1685 1685 1744 sordidus
1714 1705 1913 1757 aureS,

517 1787 697 1846 solvit
725 1797 791 1846 et
819 1796 1008 1846 exuto
1034 1788 1307 1846 lucratur
1332 1787 1572 1847 vincula
1597 1787 1771 1847 collo.

593 1890 709 1948 Est
736 1892 842 1949 ubi
870 1891 1199 1969 despectus
1227 1894 1450 1949 nimius
1477 1894 1669 1950 iuvat.
1749 1892 2023 1971 undique
2050 1890 2228 1971 pulso

518 2015 631 2073 per
657 2004 908 2054 cunctas
933 1995 1107 2054 licuit
1133 1994 1382 2055 fraudes
1408 1998 1660 2074 impune
1686 2000 1896 2075 vagari
1973 2002 1975 2006 “

521 2107 587 2157 et
612 2097 757 2157 fatis
786 2103 1023 2177 aperire
1050 2103 1232 2159 viam.
1312 2119 1423 2177 pro
1451 2102 1722 2177 quisquis
1751 2099 2001 2179 Olympi
2230 2108 2333 2158 140

520 2221 759 2260 summa
786 2210 985 2272 teneS,
1011 2211 1191 2262 tanto
1216 2202 1399 2261 libuit
1424 2202 1707 2261 mortalia
1732 2206 1856 2261 risu

520 2315 763 2364 vertere
790 2307 813 2364 ?
895 2310 998 2384 qui
1026 2310 1185 2364 servi
1210 2327 1335 2364 non
1363 2314 1460 2364 est
1487 2306 1786 2364 admissus
1811 2309 1877 2363 in
1902 2325 2101 2375 usum,

521 2413 847 2488 suscipitur
872 2413 1098 2488 regniS,
1127 2418 1193 2468 et
1220 2428 1408 2486 quem
1432 2412 1675 2486 privata
1703 2412 2049 2467 ministrum

523 2511 861 2591 dedignata
888 2513 1124 2582 domuS,
1151 2513 1579 2573 moderantem
1606 2516 1874 2570 sustinet
1900 2511 2059 2570 aula.

524 2627 606 2676 ut
624 2619 890 2693 primum
915 2615 1188 2673 vetulam
1216 2624 1433 2674 texere
1459 2614 1691 2693 palatia
1716 2613 1983 2692 vulpem,
2234 2624 2340 2672 145

525 2723 659 2797 quis
686 2738 809 2777 non
835 2721 1139 2796 ingemuit
1164 2719 1187 2776 ?
1238 2722 1373 2796 quis
1401 2738 1525 2776 non
1549 2721 1832 2795 inrepere
1859 2721 2042 2776 sacris

525 2823 832 2900 obsequiis
859 2821 1054 2880 doluit
1081 2825 1312 2880 totiens
1340 2821 1557 2880 venale
1586 2821 1845 2880 cadaver
1870 2822 1893 2879 ?

523 2929 641 3004 ipsi
669 2929 818 3004 quin
846 2929 1036 2983 etiam
1062 2925 1173 2983 tali
1199 2933 1481 2983 consorte
1507 2923 1859 2983 fremebant

526 3028 764 3108 regales
789 3027 1025 3097 famuli,
1053 3029 1274 3105 quibus
1303 3036 1399 3086 est
1424 3027 1734 3086 inlustrior
1759 3027 1907 3087 ordo

525 3134 778 3201 servitii,
804 3134 1157 3210 sociumque
1186 3132 1292 3190 diu
1319 3151 1604 3209 sprevere
1632 3132 1898 3209 superbi.
2233 3142 2344 3192 150

534 3277 643 3328 148
