2511 3938
1191 331 1642 392 CLAUDIAN

513 495 763 570 agmina
785 495 1038 570 privatis
1063 492 1241 551 ibant
1265 490 1633 550 famulantia
1659 493 1847 570 signis
1873 510 1890 561 ;

510 593 644 669 ipse
669 594 834 650 inter
859 591 1117 661 medioS,
1141 611 1222 650 ne
1250 609 1376 669 qua
1402 590 1482 650 de
1507 599 1689 668 parte
1716 589 2026 669 relinquat

512 690 880 761 barbariem,
905 697 1156 749 revocat
1179 689 1378 749 fulvas
1403 693 1468 748 in
1492 697 1748 768 pectora
1771 688 1966 767 pelles

510 785 811 868 frenaque
840 798 907 848 et
930 793 1209 871 inmanes
1234 789 1557 868 pharetras
1586 808 1883 868 arcusque
1910 810 2159 849 sonoros
2256 798 2328 848 80

512 889 843 949 adsimulat
866 898 1271 968 mentemque
1296 889 1503 969 palam
1528 888 1870 968 proclamat
1896 892 2148 961 amictu,

512 1006 628 1046 nec
651 987 852 1066 pudet
876 984 1180 1047 Ausonios
1206 1007 1417 1046 currus
1445 995 1513 1045 et
1536 990 1671 1045 iura
1696 994 2023 1065 regentem

511 1106 756 1146 sumere
782 1085 1089 1147 deformes
1115 1090 1271 1146 ritus
1297 1095 1661 1165 vestemque
1690 1087 1993 1146 Getarum
2017 1106 2036 1158 3

509 1187 939 1264 insignemque
966 1185 1249 1245 habitum
1278 1185 1442 1244 Latii
1467 1193 1709 1245 mutare
1738 1193 1990 1244 coactae

511 1293 794 1345 maerent
818 1288 1100 1364 captivae
1126 1284 1342 1363 pellito
1366 1285 1568 1344 iudice
1594 1284 1787 1363 legeS.
2252 1294 2320 1343 85

587 1382 740 1456 Quis
755 1383 966 1461 populi
982 1392 1119 1442 tum
1134 1382 1339 1442 vultus
1357 1391 1494 1441 erat
1514 1383 1530 1441 l
1563 1402 1722 1461 quae
1739 1402 2052 1441 murmura
2067 1380 2285 1441 furtim
2304 1383 2319 1441 Ξ

510 1480 681 1560 (nam
707 1485 942 1541 miseris
968 1501 1049 1539 ne
1075 1479 1224 1540 flere
1252 1481 1505 1560 quidem
1533 1491 1643 1540 aut
1667 1481 1860 1540 lenire
1887 1480 2161 1541 dolorem

510 1580 822 1657 colloquiis
847 1584 1100 1658 impune
1125 1578 1297 1659 licet)
1327 1599 1342 1639 z
1391 1589 1430 1616 ‘⁶
1455 1599 1723 1657 quonam
1750 1600 1947 1659 usque
1970 1579 2243 1640 feremus

511 1676 763 1735 exitiale
788 1681 1003 1755 iugum
1028 1677 1053 1735 ?
1132 1676 1324 1736 durae
1352 1680 1487 1754 quis
1514 1680 1812 1736 terminus
1840 1698 2134 1756 umquam

509 1778 689 1834 sortis
718 1777 836 1833 erit
861 1776 885 1832 ?
972 1778 1106 1853 quis
1133 1795 1243 1833 nos
1269 1754 1519 1833 funesto
1545 1775 1792 1834 turbine
1818 1795 2025 1834 rerum
2250 1785 2317 1835 90

511 1881 621 1932 aut
647 1876 838 1932 tantis
865 1872 1062 1932 solvet
1086 1872 1371 1943 lacrimiS‚
1398 1893 1551 1951 quos
1576 1874 1871 1932 barbarus
1897 1873 2085 1945 illinc,

510 1972 652 2032 hinc
678 1972 932 2031 Rufinus
962 1976 1114 2052 agit,
1141 1973 1363 2051 quibus
1392 1993 1537 2033 arva
1561 1972 1918 2052 fretumque
1944 1960 2212 2053 negatur
2237 1978 2263 2035 ?

510 2093 737 2151 magna
763 2072 1015 2150 quidem
1038 2091 1152 2150 per
1176 2093 1319 2130 rura
1343 2071 1499 2143 lues,
1524 2072 1637 2132 sed
1662 2076 1856 2132 maior
1882 2074 2132 2134 oberrat

508 2174 673 2232 intra
698 2179 870 2231 tecta
894 2175 1098 2231 timor.
1177 2172 1433 2231 tandem
1460 2192 1739 2231 succurre
1766 2176 1973 2231 ruenti

509 2269 632 2329 heu
658 2274 921 2349 patriae,
947 2269 1199 2330 Stilicho
1225 2270 1239 2328 l
1321 2269 1548 2330 dilecta
1573 2271 1672 2330 hic
1696 2275 1956 2350 pignora
1981 2281 2173 2343 certe,
2249 2283 2315 2332 95

507 2368 607 2428 hic
635 2370 872 2439 domus,
897 2368 998 2428 hic
1023 2368 1309 2429 thalamis
1334 2373 1601 2447 primum
1627 2369 1970 2449 genialibus
1997 2391 2201 2443 omen,

507 2468 608 2527 hic
633 2469 748 2528 tibi
773 2467 984 2527 felices
1012 2473 1212 2527 erexit
1236 2472 1411 2548 regia
1436 2470 1674 2528 taedas,

509 2568 607 2627 vel
633 2567 794 2627 solus
820 2575 1068 2646 sperate
1095 2570 1258 2625 veni.
1338 2573 1404 2625 te
1429 2568 1662 2645 proelia
1687 2573 1816 2629 viso

505 2667 909 2746 languescent
936 2666 1220 2744 avidique
1247 2666 1432 2725 cadet
1459 2667 1775 2726 dementia
1800 2667 2121 2730 monstri.”

584 2766 832 2824 Talibus
859 2773 1116 2844 urgetur
1141 2765 1368 2824 discors
1395 2765 1635 2825 Aurora
1659 2767 1962 2844 procellis.
2214 2779 2312 2829 100

508 2873 576 2923 at
602 2863 875 2935 Stilicho,
902 2862 1197 2944 Zephyris
1223 2884 1365 2923 cum
1390 2868 1657 2942 primum
1682 2865 1901 2926 bruma
1926 2870 2161 2927 remitti

509 2971 575 3022 et
600 2966 747 3041 iuga
772 2961 1002 3021 diffusis
1029 2962 1249 3021 nudari
1275 2972 1498 3040 coepta
1522 2966 1775 3041 pruiniS,

505 3058 782 3136 partibus
812 3057 1030 3116 Italiae
1057 3066 1199 3116 tuta
1225 3058 1339 3116 sub
1365 3077 1518 3135 pace
1545 3058 1772 3118 relictis

506 3165 771 3234 utraque
798 3164 999 3215 castra
1024 3175 1276 3214 movens
1305 3155 1538 3215 Phoebi
1562 3159 1937 3235 properabat
1964 3160 2045 3220 ad
2070 3169 2262 3233 ortUS,

508 3249 587 3309 64·
