2511 3938
1196 358 1645 418 CLAUDIAN

517 517 750 579 decidit
777 520 790 578 l
839 523 903 578 in
932 520 1178 599 qualem
1203 519 1506 598 paulatim
1532 519 1818 577 fluximus
1846 519 2128 577 umbram
2156 518 2168 575 ἔ
2257 527 2325 575 45

519 622 758 673 armato
787 615 1098 692 quondam
1123 612 1353 692 populo
1379 621 1751 691 patrumque
1778 612 2065 690 vigebam

516 707 781 766 conciliis
809 727 825 778 ;
874 708 1082 767 domui
1108 717 1305 767 terras
1333 708 1640 785 urbesque
1666 710 1903 765 revinxi

515 799 757 880 legibus
786 822 800 860 ε
850 803 930 861 ad
956 802 1148 861 solem
1173 805 1394 861 victrix
1422 810 1754 880 utrumque
1782 804 2040 860 cucurri.

516 904 848 975 postquam
873 901 1007 956 iura
1032 896 1208 956 ferox
1233 900 1301 955 in
1327 917 1393 956 se
1420 899 1767 956 communia
1793 895 2018 954 Caesar

516 990 834 1049 transtulit
861 1000 928 1050 et
954 990 1108 1068 lapsi
1134 1011 1335 1050 mores
1363 990 1746 1068 desuetaque
1772 992 1983 1066 priscis
2259 996 2327 1046 50

517 1083 751 1142 artibus
777 1088 842 1141 in
868 1087 1172 1162 gremium
1198 1086 1366 1161 pacis
1396 1082 1612 1141 servile
1638 1085 1882 1152 recessi,

519 1183 619 1236 tot
646 1178 794 1235 mihi
819 1197 931 1256 pro
958 1181 1194 1237 meritis
1224 1177 1488 1256 Libyam
1517 1176 1847 1254 Nilumque
1875 1176 2126 1246 dedere,

520 1279 593 1330 ut
620 1272 932 1330 dominam
957 1272 1207 1350 plebem
1234 1271 1721 1348 bellatoremque
1749 1279 2035 1328 senatum

520 1365 811 1425 classibus
841 1370 1089 1425 aestivis
1118 1366 1357 1425 alerent
1383 1369 1751 1444 geminoque
1778 1368 2039 1423 vicissim

519 1458 700 1519 litore
728 1461 951 1520 diversi
978 1460 1361 1538 complerent
1386 1460 1605 1518 horrea
1630 1462 1821 1519 venti.
2261 1468 2327 1516 55

517 1556 727 1614 stabat
752 1564 924 1615 certa
950 1554 1112 1614 salus
1141 1576 1155 1614 ι
1207 1554 1521 1632 Memphis
1549 1558 1599 1612 si
1624 1553 1785 1612 forte
1814 1561 2126 1632 negasset,

516 1651 858 1726 pensabam
886 1649 1176 1708 Pharium
1205 1648 1484 1708 Gaetulis
1512 1650 1810 1708 messibus
1839 1668 2088 1718 annum,

516 1742 843 1822 frugiferas
870 1753 1108 1802 certare
1136 1752 1302 1802 rates
1328 1742 1581 1821 lateque
1608 1744 1895 1803 videbam

518 1837 748 1896 Punica
778 1838 1023 1896 Niliacis
1050 1857 1410 1896 concurrere
1438 1839 1692 1896 carbasa
1716 1837 1886 1896 velis.

518 1952 658 1991 cum
685 1933 873 1992 subiit
898 1953 1011 2011 par
1038 1932 1233 1992 Roma
1261 1931 1409 1991 mihi
1436 1933 1751 2012 divisaque
1780 1935 2041 2011 sumpsit
2258 1940 2324 1989 60

520 2025 809 2103 aequales
838 2027 1078 2085 Aurora
1104 2036 1305 2105 togaS,
1333 2027 1649 2106 Aegyptia
1674 2048 1815 2085 rura

516 2123 580 2178 in
606 2129 851 2198 partem
877 2141 1115 2179 cessere
1143 2141 1361 2179 novae.
1442 2139 1581 2199 spes
1609 2125 1787 2179 unica
1814 2121 1987 2179 nobis

516 2216 795 2275 restabat
824 2216 1082 2295 Libyae,
1111 2236 1271 2294 quae
1298 2220 1401 2273 vix
1430 2235 1739 2294 aegreque
1766 2214 2019 2274 fovebat
2046 2233 2060 2285 ;

517 2310 645 2370 solo
672 2310 860 2370 ducta
890 2311 1075 2381 Noto,
1101 2331 1441 2389 numquam
1468 2329 1682 2368 secura
1707 2309 1921 2380 futuri,

515 2426 761 2485 semper
785 2411 983 2485 inops,
1011 2411 1305 2486 ventique
1334 2407 1521 2466 fidem
1545 2407 1842 2485 poscebat
1871 2415 1936 2465 et
1964 2409 2127 2464 anni.
2260 2415 2328 2463 65

515 2502 673 2561 hanc
701 2522 946 2581 quoque
974 2524 1137 2561 nunc
1167 2502 1349 2562 Gildo
1375 2506 1581 2580 rapuit
1608 2502 1722 2560 sub
1750 2502 1870 2560 fine
1898 2502 2174 2560 cadentis

517 2600 816 2655 autumni.
897 2598 1119 2675 pavido
1147 2601 1440 2655 metimur
1466 2595 1711 2655 caerula
1737 2604 1903 2666 vote,

514 2695 737 2770 puppis
767 2696 816 2750 si
848 2712 969 2770 qua
997 2696 1189 2763 venit,
1218 2697 1268 2750 si
1300 2693 1448 2770 quid
1473 2691 1734 2750 fortasse
1761 2694 2005 2770 potenti

515 2786 615 2844 vel
639 2786 838 2863 pudor
866 2789 1126 2844 extorsit
1153 2786 1400 2844 domino
1427 2784 1525 2843 vel
1549 2785 1781 2862 praeda
1807 2784 2075 2863 reliquit.

514 2883 820 2959 pascimur
847 2881 1097 2939 arbitrio
1128 2879 1335 2938 Mauri
1360 2900 1475 2938 nec
1502 2880 1716 2938 debita
1741 2879 1939 2949 reddi,
2256 2888 2325 2937 70

599 3080 620 3111 ²
654 3078 919 3131 Claudian
951 3094 1137 3130 means
1169 3078 1290 3129 that
1322 3078 1415 3128 the
1448 3077 1672 3129 African
1705 3077 2075 3143 corn—supply
2096 3093 2205 3128 was
2228 3083 2329 3130 not

519 3145 720 3211 always
753 3150 810 3195 to
841 3145 911 3195 be
937 3143 1101 3195 relied
1125 3160 1273 3209 upon
1308 3142 1537 3194 because
1569 3143 1647 3210 (1)
1680 3144 1831 3195 there
1854 3143 2030 3209 might
2064 3144 2132 3194 be
2155 3160 2188 3194 a
2212 3143 2325 3195 bad

515 3227 726 3271 season,
750 3210 828 3278 (2)
851 3211 1001 3262 there
1025 3210 1200 3275 might
1223 3208 1291 3260 be
1313 3208 1706 3260 unfavourable
1729 3208 1919 3261 windS.

524 3296 635 3346 102
