2511 3938
1150 345 1594 408 CLAUDIAN

468 509 579 568 sed
605 530 716 568 sua
741 511 994 569 concedi
1018 513 1213 568 iactat
1238 508 1597 588 gaudetque
1624 509 1871 566 diurnos

466 608 539 659 ut
564 599 832 659 famulae
858 601 1160 679 praebere
1187 601 1353 659 cibos
1380 604 1697 678 vitamque
1723 597 2079 676 famemque

464 690 651 751 librat
676 692 995 751 barbarico
1020 690 1188 750 fastu
1214 691 1506 770 vulgique
1534 690 1813 769 superbit

465 779 713 840 fletibus
743 790 809 840 et
834 790 1052 841 tantae
1081 782 1405 860 suspendit
1429 780 1563 839 fata
1588 784 1823 838 ruinae.

466 871 795 931 Romuleas
822 874 1038 932 vendit
1064 881 1313 951 segetes
1342 880 1408 930 et
1431 871 1708 950 possidet
1735 891 1879 929 arva
2207 878 2273 926 75

343 987 354 998 ·
463 963 816 1022 vulneribus
845 967 1126 1042 quaesita
1153 967 1329 1022 meis.
1407 963 1630 1022 ideone
1657 970 1756 1020 tot
1783 981 1972 1020 annos

463 1051 668 1112 flebile
695 1075 836 1113 cum
861 1053 1101 1112 tumida
1127 1053 1360 1112 bellum
1388 1053 1763 1131 Carthagine
1789 1054 1951 1130 gessi
1977 1051 2000 1108 ?

460 1145 685 1204 idcirco
712 1145 906 1204 voluit
931 1153 1293 1223 contempta
1319 1144 1455 1202 luce
1482 1147 1709 1202 reverti

462 1234 735 1314 Regulus
762 1238 785 1295 ?
835 1236 950 1294 1100
977 1235 1215 1294 damnis
1221 1279 1237 1306 ,
1265 1238 1529 1313 genitor,
1559 1233 1980 1292 Cannensibus
2010 1235 2130 1289 emi
2156 1232 2179 1290 ?

461 1329 766 1385 incassum
792 1330 1023 1385 totiens
1049 1326 1217 1385 lituis
1244 1325 1560 1384 navalibus
1590 1328 1739 1383 arsit
2203 1331 2269 1380 80

461 1418 806 1497 Hispanum
833 1418 1226 1496 Siculumque
1252 1416 1483 1476 fretum
1510 1423 1878 1493 vastataque
1904 1414 2088 1472 tellus

459 1510 680 1588 totque
708 1510 893 1568 duces
921 1512 1083 1567 caesi
1109 1517 1419 1587 ruptaque
1448 1510 1702 1565 emissus
1731 1506 1810 1564 ab
1838 1505 1998 1583 Alpe

458 1598 700 1658 Poenus
731 1609 796 1658 et
823 1603 1129 1658 attonitae
1155 1603 1281 1656 iam
1304 1602 1618 1676 proximus
1647 1596 1958 1654 Hannibal
1985 1596 2121 1654 urbi
2148 1596 2171 1654 ?

457 1690 688 1748 scilicet
715 1699 786 1748 ut
814 1691 1059 1749 domitis
1086 1688 1396 1747 frueretur
1421 1688 1717 1746 barbarus
1746 1685 1932 1756 Afris,

457 1801 631 1839 muro
659 1784 920 1839 sustinui
950 1781 1223 1838 Martem
1249 1787 1589 1856 noctesque
1616 1786 1903 1836 cruentas
2197 1785 2263 1834 85

458 1870 693 1928 Collina
716 1890 828 1948 pro
856 1880 1024 1929 turre
1052 1869 1166 1928 tuli
1192 1871 1215 1928 ?
1298 1868 1575 1927 Gildonis
1604 1868 1684 1927 ad
1709 1889 1888 1927 usum

456 1961 766 2040 Carthago
793 1969 891 2020 ter
916 1964 1080 2019 victa
1104 1964 1230 2020 ruit
1254 1961 1278 2019 ?
1359 1960 1473 2019 hoc
1500 1960 1666 2019 mille
1694 1963 2001 2039 gementis

454 2053 674 2111 Italiae
702 2052 906 2111 clades
932 2056 1336 2130 impensaque
1362 2051 1608 2115 saecula
1633 2050 1830 2121 bellis,

452 2141 567 2201 hoc
596 2143 819 2201 Fabius
846 2141 1145 2220 fortisque
1172 2142 1323 2199 mihi
1353 2141 1683 2199 Marcellus
1712 2141 2005 2219 agebant,

452 2242 523 2291 ut
551 2233 734 2292 Gildo
761 2233 1102 2291 cumularet
1129 2252 1277 2311 opes
1305 2234 1328 2291 ?
1409 2232 1652 2290 haurire
1680 2251 1919 2290 venena
2192 2239 2258 2288 90

451 2324 852 2403 compulimus
880 2325 1080 2383 dirum
1106 2323 1453 2403 Syphacem
1479 2321 1869 2400 fractumque
1901 2321 2161 2379 Metello

449 2420 749 2473 traximus
774 2419 1088 2473 inmanem
1119 2416 1305 2472 Marii
1332 2415 1445 2473 sub
1472 2414 1669 2472 vincla
1696 2413 2082 2491 Iugurtham,

451 2515 516 2564 et
544 2506 849 2565 Numidae
878 2506 1154 2565 Gildonis
1183 2514 1366 2564 erunt
1392 2507 1415 2564 ?
1495 2524 1606 2582 pro
1632 2503 1850 2563 funera
1876 2511 2075 2573 tanta,

447 2616 559 2673 pro
585 2596 758 2655 labor
785 2597 796 2655 !
846 2600 911 2653 in
936 2597 1159 2655 Bocchi
1185 2616 1447 2674 regnum
1474 2595 1720 2654 sudavit
1745 2603 2008 2672 uterque

448 2687 669 2765 Scipio.
749 2685 1026 2745 Romano
1052 2690 1280 2745 vicistis
1308 2689 1605 2764 sanguine
1637 2685 1863 2743 Mauri.
2187 2692 2255 2742 95

416 2778 547 2845 ,ille
575 2777 681 2836 diu
708 2777 882 2835 miles
908 2778 1192 2856 populus,
1220 2781 1327 2856 qui
1350 2775 1621 2855 praefuit
1647 2777 1799 2846 orbi,

447 2873 551 2947 qui
577 2870 825 2927 trabeas
855 2877 921 2927 et
947 2877 1191 2946 sceptra
1217 2868 1431 2937 dabat,
1459 2887 1645 2945 quem
1672 2885 1916 2944 semper
1939 2869 2005 2923 in
2033 2869 2214 2924 armis

443 2958 796 3018 horribilem
822 2968 1065 3038 genteS,
1090 2958 1401 3037 placidum
1428 2977 1674 3016 sensere
1702 2958 2017 3026 subactae,

468 3155 473 3160 ·
527 3131 547 3162 ¹
584 3128 849 3189 BocchuS,
884 3116 1138 3193 prop’erly
1171 3145 1204 3179 a
1237 3126 1377 3193 king
1409 3127 1472 3179 of
1514 3127 1865 3186 Mauritania,
1900 3124 2088 3177 stands
2126 3125 2253 3178 here

446 3194 709 3261 typically
731 3194 815 3246 for
837 3210 949 3259 any
972 3194 1153 3246 native
1176 3193 1455 3246 monarch.

451 3283 563 3334 104
