2511 3938
1165 360 1614 420 CLAUDIAN

484 531 772 581 natorum
798 541 912 599 per
939 540 1133 599 regna
1159 523 1353 590 venis,
1382 523 1490 598 qui
1516 528 1730 578 mente
1759 539 1978 578 serena

485 625 851 694 maturoque
880 623 1107 693 regunt
1133 618 1375 673 iunctas
1403 614 1822 673 moderamine
1850 622 2093 692 genteS‚

486 710 730 769 saecula
761 714 867 788 qui
897 730 1102 768 rursus
1132 708 1405 768 formant
1435 708 1687 768 meliore
1718 708 1991 768 metallo.

484 805 661 884 luget
693 805 1000 864 Avarities
1033 804 1264 884 Stygiis
1295 807 1525 878 innexa
1556 807 1791 863 catenis
2200 810 2300 858 185

487 920 751 977 cumque
783 921 893 959 suo
923 900 1179 959 demens
1213 898 1543 978 expellitur
1573 899 1862 958 Ambitus
1895 918 2063 956 auro.

486 1015 611 1053 non
641 995 1036 1054 dominantur
1066 1014 1215 1072 opes
1246 1013 1363 1052 nec
1394 996 1850 1072 corrumpentia
1880 1012 2093 1051 sensus

488 1087 651 1147 dona
679 1089 891 1147 valent
918 1109 932 1147 ε
986 1092 1211 1147 emitur
1240 1087 1370 1146 sola
1398 1092 1630 1147 virtute
1659 1095 1959 1165 potestas,

567 1181 860 1241 Unanimi
888 1182 1132 1253 fratreS,
1163 1204 1425 1261 quorum
1452 1202 1623 1241 mare
1653 1191 1944 1259 terraque
1973 1179 2119 1239 fatis

489 1277 775 1349 debetur,
806 1278 1237 1356 quodcumque
1270 1297 1487 1352 manus
1520 1281 1716 1336 evasit
1747 1281 1964 1346 avitas,
2197 1283 2298 1333 190

488 1372 656 1450 quod
682 1381 965 1450 superest
989 1376 1155 1450 patri
1181 1393 1195 1431 ε
1243 1372 1414 1431 vobis
1440 1376 1566 1431 iam
1596 1371 1901 1431 Mulciber
1928 1391 2099 1430 arma

488 1476 820 1546 praeparat
850 1476 916 1525 et
944 1466 1146 1525 Sicula
1176 1466 1434 1546 Cyclops
1462 1466 1686 1525 incude
1714 1466 1975 1535 laborat,

489 1558 749 1617 Brontes
776 1562 1111 1616 innumeris
1142 1566 1470 1635 exasperat
1499 1557 1721 1636 aegida
1748 1560 1956 1636 signis5

491 1648 687 1707 altum
714 1648 1011 1707 fulminea
1038 1653 1303 1727 crispare
1330 1652 1396 1706 in
1424 1648 1658 1707 casside
1687 1668 1910 1707 conum

489 1736 748 1797 festinat
780 1737 1092 1817 SteropeS,
1126 1742 1325 1797 nectit
1359 1737 1611 1796 thoraca
1644 1737 1993 1816 Pyragmon
2199 1745 2300 1794 195

489 1828 882 1907 ignifluisque
910 1833 1108 1907 gemit
1138 1829 1361 1907 Lipare
1389 1827 1631 1887 fumosa
1657 1831 1952 1887 cavernis·

491 1919 661 1977 vobis
691 1917 864 1977 Ionia
888 1918 1112 1977 virides
1140 1918 1468 1997 Neptunus
1493 1921 1559 1976 in
1586 1917 1726 1997 alga

491 2013 690 2068 nutrit
719 2029 929 2088 equoS,
959 2014 1064 2088 qui
1093 2031 1333 2069 summa
1359 2010 1506 2069 freti
1531 2030 1645 2088 per
1671 2010 1915 2069 caerula
1940 2012 2179 2087 possint

491 2102 654 2162 ferre
682 2107 845 2161 viam
874 2112 1280 2183 segetemque
1309 2105 1430 2163 levi
1456 2124 1810 2182 percurrere
1839 2112 2035 2174 motu,

493 2203 729 2258 nesciat
760 2208 833 2257 ut
864 2217 1109 2276 spumas
1141 2219 1257 2258 nec
1287 2207 1567 2277 proterat
1599 2197 1831 2277 ungula
1861 2197 2112 2257 culmos,
2196 2205 2301 2255 200

493 2297 618 2353 iam
644 2293 823 2352 video
850 2292 1166 2372 Babylona
1192 2297 1327 2370 rapi
1354 2292 1775 2370 Parthumque
1803 2301 2084 2351 coactum

434 2451 440 2457 ,
493 2410 615 2447 non
644 2388 789 2447 ficta
814 2388 1125 2465 trepidare
1151 2386 1324 2465 fuga,
1348 2391 1475 2446 iam
1500 2388 1723 2446 Bactra
1749 2391 1950 2446 teneri

494 2480 734 2558 legibus
766 2488 832 2537 et
858 2477 1102 2537 famulis
1134 2479 1397 2557 Gangen
1424 2478 1757 2556 pallescere
1785 2481 1931 2555 ripis

496 2578 965 2648 gemmatosque
996 2568 1291 2627 humilem
1321 2569 1676 2647 dispergere
1708 2567 1959 2627 Persida
1987 2567 2211 2627 cultus,

492 2665 583 2719 ite
611 2681 724 2738 per
753 2669 1100 2718 extremum
1127 2660 1385 2718 Tanaim
1411 2664 1741 2738 pigrosque
1768 2660 2043 2729 TrioneS,
2195 2668 2303 2717 205
2357 2678 2361 2681 ⁴

454 2763 459 2767 ’
494 2755 585 2810 ite
611 2771 724 2829 per
751 2751 1074 2809 ardentem
1103 2751 1387 2830 Libyam,
1414 2760 1703 2829 superate
1730 2770 1986 2829 vapores

496 2841 636 2900 solis
666 2850 732 2900 et
759 2862 1009 2900 arcanos
1037 2841 1159 2898 Nili
1177 2842 1553 2919 „deprendite
1578 2840 1805 2911 fonteS,

499 2932 874 2991 Herculeum
904 2932 1111 3002 finem,
1141 2932 1365 2990 Bacchi
1393 2935 1789 2990 transcurrite
1817 2940 2017 2990 metas
2045 2952 2059 2989 t

497 3028 685 3082 vestri
713 3028 859 3083 iuris
892 3027 1029 3093 erit,
1060 3023 1362 3102 quidquid
1390 3024 1819 3101 complectitur
1848 3026 1999 3082 axis,

497 3115 668 3174 vobis
701 3114 910 3174 Rubra
940 3115 1180 3174 dabunt
1209 3118 1510 3192 pretiosas
1542 3134 1812 3192 aequora
1843 3114 2124 3183 conchaS,
2198 3123 2305 3174 210

500 3206 691 3264 Indus
722 3208 894 3276 ebur,
922 3226 1122 3264 ramos
1154 3205 1482 3270 Panchaia.
1510 3206 1738 3265 vellera
1766 3205 1965 3265 Seres.

503 3307 620 3357 284
