2511 3938
1174 313 1623 374 CLAUDIAN

497 497 569 535 ac
594 476 766 535 velut
788 474 1021 535 infecto
1046 475 1296 534 morbus
1321 475 1680 535 crudescere
1707 473 1878 535 caelo

495 566 790 641 incipiens
815 565 1044 641 primos
1067 562 1379 640 pecudum
1405 562 1756 639 depascitur
1782 571 1971 634 artuS,

496 670 640 707 mox
666 649 924 728 populos
950 648 1258 727 urbesque
1282 652 1447 727 rapit
1470 651 1794 727 ventisque
1820 651 2084 727 perustis

497 744 812 814 corruptos
840 735 1122 814 Stygiam
1145 743 1392 813 pestem
1418 734 1684 793 desudat
1707 739 1773 793 in
1801 755 2011 794 amnes
2039 757 2054 795 :

498 824 583 880 sic
609 822 821 881 avidus
846 821 1077 899 praedo
1101 825 1227 879 iam
1252 842 1377 880 non
1401 840 1515 898 per
1540 821 1780 900 singula
1805 826 2023 882 saevit.
2201 831 2307 881 305

498 907 610 966 sed
634 911 890 985 sceptris
914 906 1142 965 inferre
1167 911 1366 965 minas
1392 910 1683 985 omnique
1708 916 2034 986 perempto

498 993 693 1053 milite
721 992 1027 1052 Romanas
1055 993 1233 1052 ardet
1258 1001 1647 1071 prosternere
1672 997 1854 1066 vires,

497 1083 746 1158 iamque
825 1079 1018 1138 Getas
1097 1079 1501 1159 Histrumque
1577 1089 1787 1140 movet
1862 1079 2308 1161 Scythiamque

731 1173 1017 1243 receptat

503 1251 728 1310 auxilio
755 1251 1070 1329 traditque
1097 1271 1236 1310 suas
1263 1251 1584 1311 hostilibus
1612 1256 1793 1311 armis

501 1337 830 1418 relliquias,
909 1339 1117 1396 mixtis
1144 1337 1465 1397 descendit
1491 1337 1773 1398 Sarmata
1800 1338 1986 1397 Dacis
2205 1348 2308 1397 310

504 1432 570 1482 et
597 1427 702 1502 qui
727 1422 1085 1500 cornipedes
1110 1426 1174 1481 in
1197 1423 1419 1501 pocula
1442 1424 1725 1484 vulnerat
1750 1425 1953 1483 audax

508 1509 896 1588 Massagetes
922 1528 1290 1587 caesamque
1315 1510 1532 1569 bibens
1563 1510 1847 1569 Maeotin
1871 1509 2105 1569 Alanus

503 1596 903 1672 membraque
931 1598 1038 1673 qui
1063 1593 1224 1653 ferro
1250 1596 1486 1674 gaudet
1510 1600 1780 1674 pinxisse
1808 1595 2099 1668 GelonuS‚

506 1680 726 1740 Rufino
753 1679 1009 1740 collecta
1034 1701 1276 1741 manus,
1353 1690 1527 1741 vetat
1551 1682 1654 1741 ille
1681 1683 1917 1742 domari

504 1769 888 1845 innectitque
915 1788 1115 1826 moras
1143 1777 1209 1826 et
1235 1787 1506 1845 congrua
1531 1776 1813 1847 tempora
1838 1768 2064 1830 differt.
2207 1779 2310 1828 315

506 1873 651 1911 nam
676 1862 788 1912 tua
813 1873 954 1913 cum
981 1853 1230 1912 Geticas
1257 1857 1575 1913 stravisset
1600 1856 1821 1916 dextra
1846 1865 2148 1928 catervaS,

505 1939 637 2000 ulta
663 1939 832 1999 ducis
859 1942 1004 1999 socii
1028 1938 1246 2010 letum,
1271 1960 1538 2019 parsque
1564 1961 1689 2001 una
1714 1951 1996 2003 maneret

507 2025 765 2085 debilior
787 2024 1105 2105 facilisque
1132 2029 1290 2103 capi,
1317 2035 1467 2085 tunc
1490 2031 1714 2106 impius
1737 2028 1841 2088 ille

506 2112 783 2191 proditor
804 2115 1047 2191 imperii
1072 2116 1547 2191 coniuratusque
1576 2114 1877 2174 Getarum

509 2198 750 2258 distulit
773 2202 1077 2257 instantes
1106 2197 1274 2257 eluso
1298 2202 1574 2277 principe
1599 2220 1839 2279 pugnas
2209 2214 2310 2264 320

509 2285 834 2362 Hunorum
856 2284 1092 2343 laturus
1119 2303 1323 2361 opem,
1351 2304 1502 2363 quos
1530 2285 1741 2346 adfore
1766 2287 1928 2347 bello

509 2379 689 2429 norat
716 2379 782 2428 et
805 2373 1012 2428 invisis
1038 2389 1183 2428 mox
1209 2390 1277 2428 se
1303 2375 1675 2450 coniungere
1701 2377 1937 2435 eastris.

586 2456 701 2514 Est
726 2474 922 2534 genus
952 2464 1261 2515 extremos
1288 2455 1915 2538 Scythiaevergentis
1938 2464 2004 2518 in
2031 2470 2201 2521 ortus

510 2550 679 2600 trans
705 2540 980 2620 gelidum
1005 2541 1262 2612 Tanain,
1289 2563 1411 2621 quo
1438 2564 1562 2601 non
1586 2543 1876 2604 famosius
1904 2546 2095 2606 ullum

509 2618 729 2686 Arctos
758 2627 888 2685 alit.
966 2636 1178 2706 turpes
1205 2627 1452 2688 habitus
1479 2631 1906 2710 obscaenaque
1930 2636 2063 2692 visu
2213 2644 2316 2695 325
2484 2661 2486 2732 4

510 2734 763 2791 corpora
788 2732 804 2783 3
854 2733 1027 2772 mens
1058 2713 1210 2773 duro
1240 2735 1579 2794 numquam
1607 2736 1851 2776 cessura
1876 2717 2070 2778 labori
2095 2739 2111 2790 3

507 2799 741 2877 praeda
767 2799 959 2870 cibuS,
986 2800 1240 2860 vitanda
1269 2800 1454 2861 Ceres
1481 2801 1874 2885 frontemque
1902 2809 2094 2864 secari

579 3028 601 3060 ¹
636 3028 783 3080 Here
811 3027 922 3078 and
951 3028 1287 3094 throughout
1315 3030 1399 3081 his
1429 3046 1618 3098 poems
1648 3031 1913 3085 Claudian
1944 3033 2108 3088 refers
2137 3040 2196 3089 to
2226 3037 2317 3092 the

505 3094 785 3159 Visigoths
805 3109 869 3145 as
885 3094 979 3144 the
1001 3094 1190 3147 Getae.

580 3162 602 3194 ²
639 3159 730 3225 Os.
757 3159 1146 3221 Introduction,
1170 3176 1225 3226 p.
1250 3178 1310 3215 x.

512 3246 590 3298 48
