2511 3938
1222 335 1669 395 CLAUDIAN

542 503 825 572 posceret
852 516 931 553 an
959 495 1110 555 fidos
1138 492 1274 554 sese
1301 495 1665 555 transferret
1690 500 1754 554 in
1781 496 2010 555 hosteS.

542 591 692 667 quid
716 611 879 649 nunc
906 591 1180 661 divitiae,
1208 591 1358 669 quid
1383 586 1534 650 fulvi
1560 600 1734 650 vasta
1760 591 1995 649 metalli

541 687 880 762 congerieS‚
908 685 1057 762 quid
1081 688 1404 762 purpureis
1434 684 1646 743 effulta
1671 684 1967 744 columnis
2258 693 2361 742 135

541 782 700 837 atria
723 778 1077 857 prolataeve
1103 783 1320 839 iuvant
1345 780 1426 839 ad
1450 781 1652 839 sidera
1676 779 1868 839 moles
1894 781 1918 838 ?

542 872 716 932 audit
740 876 861 931 iter
886 882 1299 951 numeratque
1326 873 1458 932 dies
1484 877 1808 952 spatioque
1834 877 2068 932 viarum

541 970 798 1026 metitur
822 971 1036 1027 vitam.
1115 974 1442 1046 torquetur
1466 988 1619 1046 pace
1645 968 1857 1027 futura

541 1080 656 1119 nec
681 1063 901 1138 recipit
927 1081 1172 1119 somnos
1199 1070 1267 1119 et
1292 1081 1479 1139 saepe
1507 1061 1806 1119 cubilibus
1834 1081 2045 1120 amens

541 1157 854 1213 excutitur
878 1174 1269 1233 poenamque
1296 1154 1412 1213 luit
1437 1154 1762 1232 formidine
1789 1175 2050 1233 poenae.
2256 1164 2359 1213 140

541 1249 653 1308 sed
678 1249 841 1308 redit
866 1253 930 1306 in
957 1250 1195 1308 rabiem
1219 1249 1644 1327 scelerumque
1669 1254 1918 1308 inmane
1944 1253 2202 1310 resumit
2235 1242 2238 1245 ¹
2342 1306 2350 1315 ,

541 1347 858 1422 ingenium
884 1363 1209 1421 sacrasque
1235 1343 1398 1402 fores
1423 1345 1780 1421 praedivitis
1808 1343 1984 1403 aulae

539 1441 735 1498 intrat
763 1446 829 1497 et
856 1438 1188 1496 Arcadium
1215 1442 1412 1498 mixto
1439 1447 1672 1498 terrore
1698 1447 1986 1517 precatur
2012 1460 2026 1497 ε

621 1541 658 1567 “
686 1531 804 1589 Per
828 1530 1034 1590 fratris
1061 1530 1270 1610 regale
1296 1532 1493 1602 iubar,
1519 1552 1632 1610 per
1656 1531 1828 1592 facta
1849 1537 2123 1610 parentis

543 1624 803 1683 aetherii
828 1622 1165 1702 floremque
1193 1628 1288 1683 tui
1313 1633 1379 1683 te
1409 1625 1703 1702 deprecor
1730 1630 1886 1696 aevi,
2255 1636 2355 1684 145

542 1722 712 1796 eripe
739 1737 840 1776 me
867 1716 1085 1796 gladiis
1111 1737 1127 1787 ;
1174 1717 1360 1776 liceat
1386 1717 1732 1777 Stilichonis
1757 1724 1997 1798 iniquas

543 1816 776 1871 evitare
803 1816 1020 1869 minas,
1097 1814 1163 1869 in
1188 1820 1464 1871 nostram
1492 1811 1691 1871 Gallia
1716 1815 1973 1873 caedem

541 1909 858 1965 coniurata
884 1909 1074 1964 venit.
1154 1905 1455 1985 quidquid
1479 1910 1644 1986 rigat
1670 1907 1887 1966 ultima
1913 1909 2169 1990 Tethys,

542 2010 852 2061 extremos
880 2000 1043 2059 ultra
1067 2000 1287 2060 volitat
1312 2021 1466 2080 gens
1493 2006 1543 2060 si
1571 2024 1694 2081 qua
1719 2003 2067 2076 BritannoS‚

542 2105 713 2155 mota
739 2095 908 2154 mihi.
987 2099 1178 2155 tantis
1206 2096 1490 2173 capiendi
1516 2098 1822 2157 credimur
1849 2104 2030 2158 armis
2058 2100 2082 2162 ,Ρ
2254 2109 2351 2176 150
2383 2170 2390 2178 ,

543 2198 642 2251 tot
669 2194 855 2269 signis
884 2210 1074 2249 unum
1100 2195 1339 2268 petitur
1364 2200 1552 2269 caput
1575 2191 1597 2248 ?
1678 2194 1842 2252 unde
1871 2199 2097 2252 cruoris

539 2277 664 2362 'ista
690 2290 821 2345 sitis
848 2287 870 2344 ?
937 2290 1253 2364 geminum
1281 2285 1434 2344 caeli
1460 2287 1575 2345 sibi
1600 2289 1871 2347 vindicat
1897 2309 2078 2347 axem

546 2390 613 2440 et
637 2379 873 2439 nullum
897 2379 1030 2438 vult
1058 2399 1191 2438 esse
1217 2399 1452 2457 parem.
1533 2381 1929 2439 succumbere
1954 2386 2153 2459 poscit

542 2482 768 2533 cuncta
793 2474 907 2531 sibi
935 2493 949 2530 ε
996 2475 1160 2551 regit
1186 2472 1432 2531 Italiam
1462 2472 1847 2552 Libyamque
1874 2485 2118 2534 coercet
2144 2495 2159 2545 3

546 2568 835 2646 Hispanis
864 2566 1177 2644 Gallisque
1203 2567 1381 2625 iubet
1407 2585 1422 2635 ;
1470 2587 1593 2625 non
1620 2568 1820 2626 orbita
1846 2569 2008 2639 soliS,
2252 2579 2348 2628 155

545 2684 668 2721 non
693 2660 866 2720 illum
890 2670 1112 2719 natura
1138 2664 1326 2738 capit.
1406 2678 1824 2740 quascumque
1850 2667 2092 2740 paravit
2113 2701 2116 2706 >

543 2756 642 2816 hic
670 2757 988 2835 Augustus
1016 2775 1163 2834 opes
1193 2764 1260 2814 et
1287 2776 1438 2833 quas
1465 2765 1608 2834 post
1632 2756 1795 2815 bella
1820 2762 2076 2836 recepit,

545 2852 706 2913 solus
734 2853 946 2921 habet,
971 2871 1250 2929 possessa
1277 2851 1469 2910 semel
1494 2872 1609 2911 nec
1635 2853 1893 2913 reddere
1921 2863 2114 2914 curat.

544 2945 777 3005 scilicet
800 2944 903 3003 ille
931 2945 1181 3023 quidem
1208 2944 1539 3023 tranquilla
1563 2967 1716 3024 pace
1741 2946 1983 3008 fruatur
2007 2968 2023 3018 ;

545 3062 655 3100 nos
681 3048 927 3118 premat
954 3038 1234 3098 obsidio?
1289 3040 1439 3116 quid
1457 3048 1700 3117 partem
1720 3042 2010 3101 invadere
2031 3051 2299 3122 temptat
2320 3046 2345 3105 Ρ

546 3134 795 3194 deserat
822 3132 1095 3214 Illyricos
1122 3132 1275 3192 fines
1302 3151 1318 3203 ;
1366 3134 1499 3192 an
1523 3138 1806 3194 remittat
2251 3147 2339 3197 161

548 3253 624 3316 68
