2511 3938
1163 358 1608 418 CLAUDIAN

486 521 751 580 nutabat
777 520 967 598 digna
991 519 1235 578 rediens
1264 518 1344 577 ad
1367 520 1611 576 moenia
1635 535 1883 594 pompa.
2187 522 2290 570 435

484 615 745 673 dextera
771 619 918 693 quin
947 618 1139 673 etiam
1163 613 1310 673 ludo
1336 633 1624 672 concessa
1649 620 1908 690 vagatur

484 730 630 769 aera
653 718 876 788 petens
901 728 1258 787 poenasque
1286 711 1472 766 animi
1497 706 1791 786 persolvit
1816 708 1981 764 avari

486 803 747 863 terribili
772 803 938 862 lucro
965 805 1255 880 vivosque
1282 805 1528 860 imitata
1553 809 1833 860 retentus

486 902 730 977 cogitur
757 898 1036 957 adductis
1063 897 1291 975 digitos
1316 894 1633 973 inflectere
1660 898 1881 954 nervis,

567 992 831 1052 Desinat
858 990 1036 1050 elatis
1063 994 1389 1068 quisquam
1415 989 1722 1049 confidere
1748 990 1931 1048 rebus
2190 996 2291 1044 440

487 1084 929 1163 instabilesque
957 1085 1104 1144 deos
1133 1105 1204 1142 ac
1228 1083 1463 1143 lubrica
1487 1088 1740 1142 numina
1765 1083 1982 1142 discat.

486 1180 592 1239 illa
618 1200 857 1249 manuS‚
885 1199 1045 1257 quae
1072 1186 1317 1256 sceptra
1343 1179 1457 1237 sibi
1484 1178 1785 1257 gestanda
1809 1178 2091 1256 parabat,

487 1278 658 1335 cuius
685 1295 751 1334 se
780 1278 1009 1333 totiens
1037 1277 1342 1332 summisit
1369 1274 1449 1332 ad
1475 1273 1679 1332 oscula
1705 1272 1963 1351 supplex

487 1369 797 1438 nobilitaS,
822 1368 1144 1427 inhumata
1171 1367 1278 1426 diu
1305 1371 1650 1445 miseroque
1676 1366 1915 1425 revulsa

487 1483 739 1542 corpore
766 1461 1024 1521 feralem
1051 1471 1379 1542 quaestum
1402 1471 1545 1540 post
1570 1460 1704 1520 fata
1729 1463 2014 1540 reposcit.
2188 1470 2289 1517 445

489 1559 790 1636 adspiciat
815 1560 1086 1636 quisquis
1112 1560 1371 1615 nimium
1394 1555 1637 1615 sublata
1662 1555 1942 1614 secundis

487 1652 642 1711 colla
668 1656 832 1731 gerit
859 1672 873 1711 ε
920 1654 1113 1711 triviis
1139 1650 1464 1710 calcandus
1491 1653 1800 1729 spargitur
1827 1670 1992 1720 ecce,

487 1750 594 1823 qui
622 1747 736 1804 sibi
761 1745 1135 1824 pyramidaS,
1162 1748 1268 1823 qui
1293 1765 1416 1803 non
1441 1745 1727 1803 cedentia
1753 1744 2001 1822 templis

489 1850 783 1901 ornatura
808 1861 947 1900 suos
977 1842 1253 1898 extruxit
1279 1838 1543 1898 culmina
1567 1859 1803 1910 maneS,

488 1945 556 1995 et
583 1939 688 2014 qui
715 1934 962 1994 Sidonio
989 1933 1177 1992 velari
1203 1933 1467 1994 credidit
1494 1942 1681 2005 ostr0,
2189 1944 2289 1993 450

487 2031 688 2090 nudus
712 2032 912 2109 pascit
938 2049 1101 2087 aves.
1179 2030 1343 2088 iacet
1369 2049 1469 2099 en,
1496 2032 1600 2106 qui
1624 2030 1897 2108 possidet
1923 2031 2156 2100 orbem,

488 2128 753 2203 exiguae
780 2123 1015 2182 telluris
1040 2126 1216 2201 inops
1244 2132 1312 2182 et
1335 2122 1589 2201 pulvere
1615 2143 1751 2182 raro

486 2239 598 2297 per
622 2227 832 2298 partes
859 2221 1097 2296 tegitur
1119 2238 1425 2296 nusquam
1450 2222 1804 2295 totiensque
1832 2219 2129 2297 sepultuS.

567 2313 905 2372 Senserunt
929 2333 1203 2372 convexa
1228 2333 1447 2371 necem
1473 2312 1778 2390 tellusque
1805 2313 2141 2373 nefandum

487 2407 777 2467 amolitur
802 2428 955 2466 onus
980 2411 1106 2466 iam
1131 2408 1572 2485 respirantibus
1600 2410 1798 2467 astris·
2188 2418 2291 2465 455

483 2501 756 2560 infernos
783 2510 1002 2580 gravat
1028 2502 1245 2559 umbra
1270 2501 1457 2559 lacuS.
1535 2510 1717 2579 pater
1741 2501 1986 2560 Aeacus
2014 2502 2223 2561 horret

486 2599 949 2673 intrantemque
978 2598 1169 2653 etiam
1191 2593 1425 2653 latratu
1453 2594 1752 2654 Cerberus
1779 2605 1983 2675 urget.

489 2696 637 2749 tunc
664 2692 928 2759 animae,
956 2709 1106 2767 quas
1132 2688 1234 2747 ille
1262 2688 1395 2749 fero
1421 2690 1536 2748 sub
1560 2693 1692 2749 iure
1718 2693 2006 2768 peremit,

486 2786 886 2841 circumstant
913 2785 1195 2861 nigrique
1224 2782 1479 2841 trahunt
1506 2783 1585 2842 ad
1608 2783 1822 2842 iudicis
1849 2804 2067 2842 urnam

483 2875 712 2935 infesto
739 2873 991 2934 fremitu
1017 2895 1032 2933 t
1080 2874 1274 2934 veluti
1298 2879 1559 2953 pastoris
1585 2880 1649 2934 in
1676 2897 1782 2936 ora
2151 2875 2154 2878 ’
2190 2889 2292 2938 460

487 2979 832 3029 commotae
859 2969 1280 3048 glomerantur
1306 2989 1452 3047 apes
1459 3012 1475 3039 ,
1502 2973 1607 3046 qui
1633 2971 1834 3030 dulcia
1858 2982 2041 3050 raptu

489 3064 671 3123 mella
697 3064 888 3134 vehit,
912 3084 1274 3143 pennasque
1301 3068 1468 3123 cient
1496 3074 1562 3123 et
1588 3065 1817 3144 spicula
1843 3069 2110 3127 tendunt

489 3168 555 3218 et
581 3163 786 3218 tenuis
812 3163 945 3217 saxi
968 3179 1082 3237 per
1105 3158 1564 3237 propugnacula
1590 3163 1828 3219 cinctae

490 3284 569 3342 90
