2511 3938
1168 337 1616 398 CLAUDIAN

492 503 607 560 sub
633 501 894 580 pedibus
924 501 1162 558 nimbos
1192 506 1259 557 et
1286 518 1469 555 rauca
1497 499 1770 556 tonitrua
1797 496 1992 555 calcat
2021 517 2034 555 ε
2206 506 2311 555 210

494 604 578 658 sic
607 603 851 678 patiens
883 602 1119 658 animus
1148 617 1262 676 per
1291 606 1468 656 tanta
1496 599 1749 674 negotia
1775 595 1931 654 liber

496 701 759 776 emergit
786 696 1119 774 similisque
1148 699 1262 765 sui,
1289 697 1557 773 iustique
1584 703 1867 753 tenorem

495 796 746 856 flectere
772 817 896 855 non
922 796 1131 855 odium
1157 797 1345 873 cogit,
1372 814 1495 852 non
1519 796 1721 870 gratia
1747 792 1988 851 suadet.

493 915 639 953 nam
667 904 904 972 spretas
933 897 1067 973 quis
1094 913 1242 971 opes
1269 896 1628 970 intactaque
1654 901 1908 970 pectora
1932 891 2099 950 lucro

494 1001 934 1053 commemoret
960 993 984 1050 ἓ
1064 989 1295 1049 fuerint
1326 990 1456 1048 aliis
1487 990 1639 1048 haec
1669 988 1830 1049 forte
1862 990 2082 1049 decora
2112 1010 2127 1048 ι
2201 1000 2311 1049 215

496 1092 661 1152 nulla
686 1100 897 1171 potest
923 1091 1053 1150 laus
1084 1110 1216 1149 esse
1244 1090 1380 1160 tibi,
1409 1109 1567 1168 quae
1597 1092 1849 1147 crimina
1874 1097 2122 1167 purget.

494 1200 699 1251 servat
727 1189 1085 1249 inoffensam
1116 1188 1323 1247 divina
1350 1188 1655 1247 modestia
1683 1207 1896 1246 vocem
1924 1208 1939 1246 ε

494 1293 863 1368 temperiem
890 1298 1136 1347 servant
1165 1287 1324 1347 oculi
1349 1306 1364 1357 ;
1413 1307 1528 1346 nec
1556 1286 1785 1346 lumina
1811 1285 2015 1346 fervor

495 1397 743 1468 asperat
771 1396 881 1447 aut
906 1387 1150 1446 rabidas
1179 1385 1474 1446 suffundit
1501 1390 1798 1464 sanguine
1826 1406 2035 1457 venas,

496 1486 785 1565 nullaque
816 1490 1043 1546 mutati
1074 1494 1414 1563 tempestas
1444 1485 1724 1564 proditur
1753 1489 1893 1544 oris,
2198 1496 2308 1548 220

412 1594 415 1598 ’
494 1588 644 1664 quin
672 1589 862 1644 etiam
889 1593 1096 1644 sontes
1125 1583 1381 1662 expulsa
1406 1587 1653 1662 corrigis
1679 1588 1769 1642 ira

495 1693 561 1742 et
587 1683 861 1762 placidus
889 1682 1115 1742 delicta
1142 1683 1355 1742 domas
1382 1702 1397 1754 ;
1447 1703 1560 1741 nec
1588 1683 1877 1742 dentibus
1906 1704 2202 1764 umquam

490 1784 777 1860 instrepis
807 1781 1198 1852 horrendum,
1225 1781 1478 1840 fremitu
1506 1802 1621 1840 nec
1649 1783 1905 1841 verbera
1932 1787 2150 1861 poscis,

572 1881 695 1955 Qui
720 1880 944 1940 fruitur
969 1901 1191 1959 poena,
1217 1880 1385 1940 ferus
1416 1890 1531 1951 est,
1560 1881 1891 1961 legumque
1920 1883 2165 1943 videtur

493 1980 828 2040 vindictam
856 1989 1171 2059 praestare
1201 1982 1316 2041 sibi
1343 2000 1359 2052 3
1409 2002 1549 2040 cum
1577 1985 1808 2040 viscera
1835 1981 1980 2040 felle
2198 1994 2309 2045 225

493 2079 878 2150 canduerint,
909 2080 1087 2139 ardet
1116 2079 1375 2139 stimulis
1404 2079 1723 2158 ferturque
1753 2082 2014 2141 nocendi

493 2178 807 2257 prodigus,
833 2182 1081 2257 ignarus
1109 2198 1330 2236 causae
1360 2197 1374 2236 ι
1423 2177 1515 2237 dis
1542 2183 1855 2256 proximus
1881 2179 2005 2251 ille,

495 2296 682 2355 quem
708 2280 886 2347 rati0,
912 2298 1037 2336 non
1060 2280 1151 2335 ira
1176 2284 1407 2347 movet,
1434 2280 1539 2354 qui
1565 2275 1732 2336 facta
1757 2279 2103 2356 rependens

494 2374 741 2434 consilio
768 2379 986 2454 punire
1014 2382 1244 2453 potest.
1325 2395 1613 2433 mucrone
1643 2386 1898 2436 cruento

494 2493 560 2532 se
589 2478 825 2533 iactent
856 2473 976 2544 alii,
1006 2473 1302 2532 studeant
1329 2473 1581 2533 feritate
1612 2478 1817 2534 timeri
2197 2489 2310 2541 230

495 2572 864 2650 addictoque
896 2572 1212 2630 hominum
1242 2571 1559 2631 cumulent
1590 2579 1824 2632 aeraria
1853 2595 2062 2635 censu.

492 2671 631 2730 lene
660 2670 797 2729 fluit
824 2669 1017 2741 Nilus,
1045 2671 1156 2729 sed
1182 2674 1417 2730 cunctis
1445 2674 1725 2731 amnibus
1754 2683 1931 2733 extat

491 2769 698 2829 utilior
727 2768 893 2827 nullo
924 2768 1234 2827 confessus
1265 2789 1575 2828 murmure
1607 2774 1764 2831 vires
1791 2791 1807 2842 ;

492 2871 685 2927 acrior
714 2888 785 2926 ac
814 2867 1060 2945 rapidus
1091 2871 1312 2927 tacitas
1341 2878 1762 2946 praetermeat
1789 2874 2007 2949 ingens

494 2966 812 3025 Danuvius
839 2969 1001 3043 ripas
1028 2984 1043 3035 ;
1088 2965 1308 3024 eadem
1335 2965 1665 3025 clementia
1691 2972 1823 3027 sani
1948 3041 1953 3046 ·
2197 2983 2309 3032 235

490 3067 751 3143 gurgitis
777 3067 1125 3122 inmensum
1152 3063 1405 3123 deducit
1431 3069 1495 3123 in
1523 3069 1680 3124 ostia
1709 3067 1992 3146 Gangen.

490 3169 799 3224 torrentes
827 3166 1075 3224 inmane
1102 3162 1375 3223 fremant
1401 3163 1696 3244 lassisque
1725 3170 2038 3227 minentur

490 3264 607 3318 354
