2511 3938
1191 342 1637 402 CLAUDIAN

514 495 769 569 captivis
793 493 904 551 dat
929 501 1108 571 terga
1136 497 1280 563 suis,
1308 513 1459 571 quos
1486 502 1651 552 teste
1679 495 1927 572 subegit

513 596 797 657 Danuvio
822 608 1188 677 partemque
1217 604 1400 659 timet
1427 604 1532 678 qui
1558 600 1826 678 reppulit
1852 619 2085 659 omnes,

589 715 626 741 “
654 705 814 764 Aula
841 706 1035 765 choris
1064 705 1382 785 epulisque
1409 716 1589 766 vacat
1614 727 1728 766 nec
1754 707 1999 785 perdita
2025 715 2220 777 curat,

511 813 659 873 dum
687 820 969 891 superest
996 813 1244 892 aliquid.
1326 833 1404 871 ne
1433 814 1581 892 quid
1608 823 1821 872 tamen
1847 815 1994 872 orbe
2021 817 2213 871 reciso

508 921 791 980 venditor
818 924 1086 990 amittat,
1112 924 1423 998 provincia
1449 939 1733 998 quaeque
1759 929 2068 998 superstes
2209 928 2314 976 586

509 1029 801 1087 dividitur
827 1032 1265 1106 geminumque
1293 1026 1522 1104 duplex
1548 1048 1801 1106 passura
1829 1026 2098 1085 tribunal

508 1138 747 1213 cogitur
775 1134 1025 1192 alterius
1051 1137 1322 1211 pretium
1349 1137 1568 1192 sarcire
1594 1141 1978 1212 peremptae.

507 1245 590 1299 sic
617 1240 765 1298 mihi
793 1244 1132 1298 restituunt
1156 1239 1414 1318 populos
1440 1259 1455 1310 3
1504 1240 1617 1298 hac
1646 1248 1778 1298 arte
1805 1248 2053 1318 reperta

506 1356 814 1406 rectorum
842 1367 1166 1405 numerum
1193 1351 1373 1405 terris
1399 1348 1802 1425 pereuntibus
1831 1354 2084 1425 augent.
2202 1354 2306 1404 590

583 1463 619 1489 “
644 1453 717 1511 In
745 1462 810 1511 te
839 1457 963 1511 iam
990 1472 1130 1530 spes
1158 1473 1281 1511 una
1307 1453 1477 1510 mihi.
1542 1473 1653 1531 pro
1680 1451 1897 1511 fronde
1928 1451 2248 1510 Minervae

505 1558 614 1617 has
641 1560 755 1617 tibi
783 1557 1104 1635 protende,
1134 1556 1412 1616 lacrimas
1436 1578 1450 1616 :
1492 1577 1772 1617 succurre
1799 1562 2024 1627 ruenti,

502 1668 671 1743 eripe
699 1684 799 1722 me
829 1664 1104 1733 tandem,
1132 1663 1448 1723 servilibus
1478 1668 1646 1742 eripe
1673 1668 1898 1743 regniS.

501 1791 659 1829 neve
688 1770 843 1829 adeo
872 1777 1123 1829 cunctos
1148 1790 1483 1848 paucorum
1509 1775 1760 1829 crimine
1788 1771 2040 1829 damnes

499 1897 613 1936 nec
641 1896 799 1935 nova
825 1883 924 1934 tot
953 1880 1189 1935 meritis
1216 1876 1446 1935 offensa
1472 1879 1772 1955 prioribus
1801 1879 2029 1936 obstet.
2193 1886 2297 1935 595

496 1988 745 2042 iamiam
773 1983 956 2042 flecte
987 1988 1281 2043 animum.
1353 2003 1640 2062 suprema
1664 1984 1936 2062 pericula
1963 2004 2207 2062 semper

496 2091 649 2150 dant
676 2095 920 2149 veniam
948 2090 1184 2168 culpae.
1268 2094 1546 2170 quamvis
1574 2094 1767 2150 iratus
1796 2100 1863 2150 et
1890 2090 2033 2150 exul

493 2217 605 2275 pro
631 2201 873 2275 patriae
903 2196 1163 2255 flammis
1191 2217 1317 2255 non
1343 2195 1583 2256 distulit
1610 2217 1780 2255 arma
1807 2197 2116 2256 Camillus,

493 2323 607 2362 nec
635 2310 703 2361 te
733 2303 1151 2362 subtrahimus
1181 2303 1363 2361 Latio
1390 2322 1406 2372 3
1455 2301 1743 2361 defensor
1769 2307 2016 2380 utrique

491 2409 730 2468 sufficis,
817 2428 1127 2467 armorum
1154 2407 1340 2467 liceat
1367 2407 1690 2486 splendore
1719 2417 1965 2467 tuorum
2179 2417 2281 2466 600

489 2520 554 2574 in
581 2536 904 2575 commune
931 2515 1053 2573 frui
1079 2534 1095 2585 ;
1122 2514 1354 2593 clipeus
1382 2535 1491 2573 nos
1518 2524 1814 2593 protegat
1839 2515 2007 2573 idem

490 2641 736 2699 unaque
763 2642 873 2698 pro
901 2625 1149 2699 gemino
1177 2621 1444 2680 desudet
1470 2621 1717 2680 cardine
1745 2620 2001 2681 virtuS.”

484 3284 598 3335 228
