2511 3938
1185 361 1634 423 CLAUDIAN

509 527 728 586 indolis
759 546 1045 605 agnosco.
1121 522 1321 583 fertur
1352 523 1653 593 Pellaeae,
1684 523 1884 581 Eoum

510 632 616 706 qui
643 628 882 686 domuit
910 625 1154 695 Porum,
1180 645 1322 683 cum
1345 643 1639 701 prospera
1665 642 1852 701 saepe
1884 622 2147 701 Philippi
2211 631 2316 680 375

513 726 776 795 audiret,
803 724 1000 783 laetos
1028 728 1192 783 inter
1218 722 1459 782 flevisse
1489 722 1727 781 sodales

512 824 597 883 nil
627 825 741 883 sibi
771 823 1140 883 vincendum
1167 825 1362 900 patris
1392 825 1623 881 virtute
1653 821 1936 901 relinqui.

511 922 621 982 hos
648 922 828 982 video
854 931 1080 982 motus,
1157 921 1251 981 fas
1280 925 1361 981 sit
1386 926 1749 999 promittere
1776 925 1940 999 patri
1967 941 1982 980 ι

511 1028 724 1081 tantus
755 1025 894 1081 eris,
972 1029 1182 1080 nostro
1212 1040 1327 1079 nec
1356 1021 1548 1079 debes
1578 1041 1771 1100 regna
1798 1019 2013 1091 favori,

511 1141 673 1200 quae
700 1122 815 1180 tibi
842 1124 968 1180 iam
997 1128 1218 1179 natura
1245 1121 1443 1179 dedit.
1521 1123 1606 1178 sic
1634 1119 1915 1179 mollibus
1945 1119 2088 1179 olim
2211 1128 2318 1177 380

508 1220 768 1279 stridula
797 1221 1126 1279 ducturum
1152 1223 1346 1297 pratis
1379 1223 1663 1278 examina
1692 1239 1905 1298 regem

511 1328 870 1379 nascentem
897 1327 1270 1378 venerantur
1298 1338 1445 1396 apes
1475 1326 1542 1377 et
1567 1317 1814 1396 publica
1841 1317 2036 1376 mellis

509 1422 644 1478 iura
671 1427 899 1497 petunt
928 1418 1308 1496 traduntque
1338 1416 1508 1476 favos
1534 1435 1551 1487 ;
1602 1420 1687 1475 sic
1715 1437 1942 1495 pascua
1969 1436 2193 1494 parvus

510 1518 782 1576 vindicat
810 1526 875 1576 et
903 1518 1167 1576 necdum
1194 1516 1449 1575 firmatis
1476 1516 1757 1574 cornibus
1786 1515 1988 1573 audax

509 1621 634 1677 iam
662 1622 825 1697 regit
854 1625 1202 1676 armentum
1230 1616 1477 1675 vitulus.
1556 1616 1667 1674 sed
1693 1614 1925 1692 proelia
1953 1613 2128 1673 differ
2213 1623 2321 1672 385

509 1720 574 1775 in
598 1720 885 1775 iuvenem
909 1719 1278 1794 patiensque
1304 1734 1513 1773 meum
1538 1734 1679 1772 cum
1702 1712 1893 1773 fratre
1920 1722 2097 1773 tuere

513 1836 612 1874 me
643 1815 916 1874 bellante
946 1814 1168 1872 locum.
1248 1833 1353 1871 vos
1383 1816 1725 1890 impacatus
1757 1813 2016 1882 AraxeS,

512 1934 617 1973 vos
644 1913 807 1973 celer
832 1912 1182 1992 Euphrates
1209 1916 1453 1982 timeat,
1480 1915 1560 1971 sit
1587 1912 1759 1971 Nilus
1786 1912 2015 1992 ubique

512 2021 717 2072 vester
745 2021 811 2071 et
839 2015 1059 2071 emisso
1087 2011 1387 2090 quidquid
1414 2009 1503 2068 sol
1528 2010 1751 2069 imbuit
1777 2019 1937 2069 ortu.

512 2115 562 2169 si
589 2119 852 2189 pateant
881 2110 1093 2188 Alpes,
1122 2109 1355 2168 habeat
1382 2113 1433 2167 si
1461 2129 1645 2167 causa
1673 2109 1970 2167 secundos
2212 2115 2319 2165 390

511 2214 727 2270 iustior
755 2219 1034 2280 eventuS,
1064 2209 1264 2269 aderis
1292 2216 1625 2287 partesque
1653 2217 1935 2286 receptas

512 2313 824 2388 suscipies,
855 2313 1129 2368 animosa
1158 2316 1299 2366 tuas
1330 2315 1401 2365 ut
1432 2305 1632 2365 Gallia
1660 2306 1830 2386 leges

514 2410 726 2468 audiat
747 2418 814 2468 et
833 2417 1071 2468 nostros
1093 2427 1327 2485 aequus
1347 2406 1679 2464 modereris
1702 2406 1985 2464 Hiberos.

515 2513 663 2566 tunc
692 2527 809 2587 ego
836 2526 1084 2566 securus
1110 2504 1226 2564 fati
1252 2505 1578 2583 laetusque
1605 2504 1883 2564 laborum

514 2605 847 2675 discedam,
877 2605 1047 2664 vobis
1079 2612 1411 2682 utrumque
1441 2605 1800 2683 regentibus
1832 2623 2035 2662 axem.
2210 2612 2320 2661 395

590 2715 627 2742 “
656 2706 906 2764 Interea
937 2703 1133 2762 Musis
1163 2705 1423 2773 animus,
1451 2703 1600 2761 dum
1628 2701 1884 2772 mollior,
1911 2706 2105 2760 instet

513 2814 579 2864 et
606 2823 766 2882 quae
793 2823 937 2861 mox
962 2804 1205 2860 imitere
1231 2800 1402 2879 legat
1429 2820 1445 2871 ;
1494 2821 1607 2859 nec
1633 2801 1877 2860 desinat
1902 2820 2196 2879 umquam

514 2911 723 2962 tecum
754 2902 940 2961 Graia
969 2901 1158 2979 loqui,
1189 2910 1398 2959 tecum
1428 2900 1705 2959 Romana
1733 2909 2030 2959 vetustaS.

517 3007 802 3082 antiquos
833 3000 1043 3060 evolve
1073 3000 1283 3070 duceS,
1313 3000 1605 3058 adsuesce
1634 2998 1881 3058 futurae

584 3154 605 3185 ²
640 3152 796 3268 Asbis
831 3150 949 3201 well
981 3149 1200 3209 known,
1219 3150 1313 3199 the
1344 3151 1585 3198 ancients
1620 3148 1855 3199 mistook
1889 3149 1982 3199 the
2016 3165 2107 3199 sex
2135 3148 2197 3199 of
2229 3150 2329 3202 the

513 3235 687 3285 queen
751 3234 828 3269 ee.

519 3305 635 3357 314
