2511 3938
1109 330 1558 390 CLAUDIAN

431 494 720 550 rimosam
745 494 1012 569 patriam
1038 490 1388 568 dilectaque
1413 493 1670 568 pumicis
1698 498 1877 548 antra

434 580 780 640 defendunt
803 601 1121 661 pronoque
1147 580 1320 639 favos
1348 584 1631 639 examine
1659 579 1887 638 velant.
2136 586 2239 635 465

511 672 626 730 Est
651 671 818 731 locus
842 671 1126 731 infaustis
1155 693 1278 750 quo
1304 671 1703 730 conciliantur
1727 674 1791 728 in
1818 690 2009 728 unum

435 762 698 841 Cocytos
727 762 1238 842 Phlegethonque
1266 763 1436 822 vadis
1463 781 1479 832 ;
1524 766 1883 820 inamoenus
1912 769 2174 838 uterque

436 853 643 912 alveus
670 872 686 923 ;
733 853 832 912 hic
858 853 1048 913 volvit
1072 853 1374 922 lacrimaS,
1400 851 1499 911 hic
1523 856 1670 931 igne
1695 852 2023 910 redundat.

433 947 618 1003 turris
643 964 757 1023 per
780 948 1081 1024 geminos,
1108 943 1369 1002 flammis
1395 946 1665 1012 vicinior,
1693 962 1904 1001 amnes

431 1038 766 1114 porrigitur
790 1035 1105 1113 solidoque
1130 1038 1337 1113 rigens
1365 1035 1698 1093 adamante
1724 1037 2036 1092 sinistrum
2141 1039 2242 1088 470

434 1125 663 1203 proluit
686 1130 832 1204 igne
858 1124 1021 1184 latus
1048 1143 1065 1195 3
1112 1125 1335 1184 dextro
1363 1124 1619 1203 Cocytia
1645 1124 1824 1183 findit

437 1236 707 1294 aequora
733 1219 913 1275 triste
940 1235 1198 1294 gemens
1227 1224 1293 1274 et
1320 1214 1474 1273 fletu
1500 1218 1739 1274 concita
1762 1214 2023 1292 plangit.

436 1304 554 1364 huc
579 1314 724 1384 post
751 1309 1076 1364 emeritam
1102 1304 1386 1364 mortalia
1413 1303 1656 1363 saecula
1681 1308 1874 1363 vitam

437 1396 798 1456 deveniunt.
877 1398 961 1455 ibi
988 1396 1155 1455 nulla
1180 1404 1439 1454 manent
1465 1396 1812 1455 discrimina
1836 1394 1974 1464 fati,

436 1487 635 1546 nullus
661 1487 853 1547 honos
879 1507 1162 1566 vanoque
1191 1496 1451 1545 exutum
1477 1489 1723 1544 nomine
1749 1505 1966 1564 regem
2141 1493 2244 1541 475

435 1579 763 1656 proturbat
786 1577 1066 1656 plebeius
1095 1597 1307 1655 egens,
1388 1580 1699 1653 quaesitor
1724 1579 1788 1634 in
1816 1575 1943 1635 alto

439 1671 796 1747 conspicuus
824 1668 973 1728 solio
997 1676 1386 1747 pertemptat
1412 1670 1665 1725 crimina
1694 1666 1899 1725 Minos

441 1768 507 1817 et
532 1762 708 1817 iustis
735 1759 966 1818 dirimit
992 1766 1222 1817 sonteS.
1290 1777 1441 1834 quos
1468 1756 1630 1815 nolle
1657 1756 1842 1816 fateri

438 1850 683 1920 viderit,
712 1849 792 1908 ad
816 1849 997 1928 rigidi
1024 1851 1393 1907 transmittit
1419 1849 1676 1907 verbera
1700 1846 1927 1911 fratris.

439 1961 584 2000 nam
599 1943 776 2000 iuxta
795 1938 1300 2019 Rhadamanthys
1320 1942 1471 2019 agit.
1557 1958 1698 1998 cum
1719 1947 1900 2019 gesta
1918 1942 2165 2018 superni

438 2031 718 2093 curriculi
744 2041 1032 2110 totosque
1060 2031 1166 2090 diu
1190 2036 1581 2111 perspexerit
1608 2040 1803 2102 actuS,
2143 2039 2246 2087 481

441 2132 751 2202 exaequat
777 2123 1070 2182 damnum
1096 2126 1333 2182 meritis
1362 2132 1429 2182 et
1453 2131 1629 2181 muta
1653 2121 1924 2181 ferarum

438 2218 607 2293 cogit
632 2213 830 2272 vincla
854 2217 1008 2292 pati.
1087 2213 1467 2273 truculentos
1492 2217 1722 2292 ingerit
1747 2217 1898 2272 ursis

440 2306 908 2383 praedonesque
933 2304 1092 2383 lupis
1119 2323 1135 2374 3
1181 2303 1430 2363 fallaces
1457 2304 1739 2383 vulpibus
1768 2304 1962 2362 addit.

444 2406 510 2456 at
537 2400 642 2475 qui
670 2396 904 2456 desidia
930 2416 1175 2473 semper
1199 2400 1466 2474 vinoque
1493 2404 1804 2474 gravatuS,
2055 2407 2062 2420 ’
2146 2402 2247 2450 485

439 2487 767 2566 indulgens
794 2487 1042 2556 Veneri,
1069 2485 1262 2546 voluit
1288 2495 1637 2564 torpescere
1663 2485 1834 2555 luxu,

440 2578 604 2637 hunc
631 2582 753 2636 suis
778 2577 1058 2636 inmundi
1082 2580 1346 2656 pingues
1373 2576 1652 2636 detrudit
1675 2580 1741 2634 in
1768 2584 1958 2635 artus·

445 2673 550 2747 qui
576 2672 738 2727 iusto
763 2667 901 2746 plus
931 2687 1063 2726 esse
1091 2667 1318 2745 loquax
1347 2686 1690 2745 arcanaque
1718 2669 1920 2725 suevit

446 2760 730 2838 prodere,
755 2762 1021 2837 piscosas
1047 2757 1247 2817 fertur
1272 2762 1542 2817 victurus
1568 2762 1632 2815 in
1660 2757 1876 2827 undaS‚

446 2860 518 2910 ut
544 2854 797 2910 nimiam
821 2858 1089 2927 pensent
1117 2858 1373 2907 aeterna
1399 2848 1644 2907 silentia
1671 2868 1904 2907 vocem.
2150 2855 2252 2904 490

446 2961 596 3019 quos
625 2941 731 2999 ubi
758 2959 871 3018 per
898 2942 1092 2997 varias
1123 2942 1296 2997 annis
1324 2947 1423 2997 ter
1450 2938 1615 2996 mille
1645 2938 1871 3017 figuras

446 3033 598 3112 egit,
629 3031 906 3090 Lethaeo
931 3039 1227 3109 purgatos
1254 3029 1505 3088 flumine
1533 3030 1789 3089 tandem

445 3142 651 3182 rursus
679 3122 759 3180 ad
785 3121 1091 3179 humanae
1118 3129 1368 3179 revocat
1392 3122 1725 3198 primordia
1750 3120 2006 3179 formae.

449 3275 525 3334 92
