2511 3938
1119 342 1567 402 CLAUDIAN

442 509 737 581 quattuor
763 502 903 561 hinc
930 507 1168 581 magnis
1195 503 1540 580 procedunt
1564 501 1838 561 fontibus
1868 522 2078 561 amnes

442 595 689 654 auriferi
716 616 731 667 ;
780 617 895 655 nec
921 601 1106 655 miror
1133 618 1324 676 aquas
1351 597 1589 656 radiare
1617 596 1891 668 metallo,
2146 606 2250 654 260

441 709 601 768 quae
630 695 859 749 totiens
886 691 1090 750 lavere
1122 691 1362 750 Midan.
1441 691 1714 751 diversus
1743 692 1823 751 ad
1850 692 2148 751 Austrum

441 804 649 844 cursus
678 794 745 844 et
771 787 1069 845 Arctoum
1095 784 1293 844 fluviis
1320 806 1510 845 mare.
1591 787 1906 866 Dindyma
1932 785 2203 845 fundunt

440 877 826 958 Sangarium,
852 884 1032 939 vitrei
1057 901 1211 959 puro
1239 884 1346 959 qui
1372 883 1619 959 gurgite
1649 880 1808 939 Galli

442 982 657 1033 auctus
686 975 1006 1033 Amazonii
1033 973 1313 1034 defertur
1340 975 1420 1033 ad
1446 979 1604 1034 ostia
1633 975 1834 1034 Ponti.

442 1066 705 1126 Icarium
731 1068 988 1147 pelagus
1019 1068 1469 1147 Mycalaeaque
1496 1070 1677 1128 litora
1701 1073 1895 1128 iuncti
2147 1077 2250 1127 265

444 1161 698 1241 Marsya
727 1163 1193 1242 Maeanderque
1219 1173 1448 1242 petunt
1474 1183 1490 1233 ;
1538 1164 1650 1222 sed
1679 1164 1932 1243 Marsya
1958 1163 2159 1233 velox,

441 1255 589 1314 dum
619 1278 763 1316 suus
795 1266 912 1328 est,
941 1256 1232 1336 flexuque
1263 1278 1476 1316 carens
1504 1261 1629 1316 iam
1659 1257 1909 1315 flumine
1940 1261 2171 1316 mixtus

441 1349 730 1421 mollitur,
761 1350 1124 1421 Maeandre,
1152 1361 1297 1421 tuo;
1342 1355 1648 1410 contraria
1672 1371 1908 1429 passuS,

441 1464 627 1522 quam
655 1443 953 1503 Rhodano
981 1443 1330 1503 stimulatus
1359 1446 1517 1502 Arar
1544 1465 1558 1503 t
1608 1465 1759 1523 quos
1786 1448 1950 1502 inter
1978 1448 2183 1522 aprica

438 1537 725 1615 planities
755 1539 1084 1617 Cererique
1111 1537 1284 1597 favet
1310 1539 1638 1617 densisque
1664 1539 1894 1617 ligatur
2146 1547 2249 1595 270

440 1633 667 1691 vitibus
696 1642 762 1692 et
788 1633 1043 1712 glaucae
1071 1632 1307 1692 fructus
1336 1633 1566 1693 attollit
1593 1634 1811 1704 olivae,

441 1725 610 1784 dives
639 1730 832 1805 equiS,
859 1726 1008 1784 felix
1033 1731 1241 1804 pecori
1267 1731 1661 1806 pretiosaque
1688 1732 1856 1806 picto

441 1840 742 1879 marmore
768 1825 1110 1899 purpureiS,
1137 1822 1343 1880 caedit
1370 1823 1536 1901 quod
1562 1821 1872 1902 Synnada,
1901 1826 2090 1880 venis,

495 1914 730 1983 ‚Talem
760 1924 895 1973 tum
925 1914 1257 1995 Phrygiam
1288 1915 1521 1976 Geticis
1549 1917 1942 1996 populatibus
1974 1920 2064 1976 uri
2107 1981 2120 1993 ,

441 2014 773 2088 permisere
801 2011 923 2069 dei.
1003 2030 1245 2070 securas
1273 2012 1568 2071 barbarus
1595 2013 1778 2071 urbes
2145 2021 2248 2068 275

440 2108 672 2182 inrupit
697 2103 1029 2183 facilesque
1057 2109 1213 2184 capi.
1294 2124 1433 2184 spes
1460 2105 1628 2164 nulla
1653 2105 1886 2176 salutiS‚
2057 2103 2062 2108 ’

442 2198 607 2257 nulla
632 2198 820 2278 fugae
848 2221 861 2258 :
909 2202 1191 2278 putribus
1217 2204 1342 2258 iam
1367 2200 1826 2279 propugnacula
1852 2205 2012 2259 saxis

444 2295 625 2373 longo
652 2305 1008 2355 corruerant
1035 2316 1186 2354 aevo
1211 2300 1504 2374 pacisque
1532 2305 1803 2355 senecta.

521 2390 771 2449 Interea
797 2390 1039 2469 gelidae
1068 2395 1319 2449 secretis
1346 2392 1596 2468 rupibus
1627 2390 1777 2448 Idae

442 2483 589 2541 dum
617 2484 796 2542 sedet
824 2493 890 2543 et
916 2483 1145 2543 thiasos
1173 2493 1418 2563 spectat
1444 2485 1523 2543 de
1551 2479 1720 2544 more
1750 2485 2002 2564 Cybebe
2144 2494 2247 2541 280

443 2578 862 2656 Curetumque
891 2577 1119 2637 alacres
1147 2579 1228 2637 ad
1253 2588 1554 2658 tympana
1579 2583 1835 2637 suscitat
1864 2598 2061 2648 enseS,

443 2691 628 2729 aurea
655 2680 1004 2730 sanctarum
1032 2672 1218 2730 decus
1244 2671 1569 2731 inmortale
1597 2693 1908 2731 comarum

442 2763 703 2842 defluxit
728 2769 915 2844 capiti
943 2769 1125 2824 turris
1152 2786 1515 2845 summoque
1542 2766 1784 2825 volutus

440 2862 669 2916 vertice
696 2858 935 2916 crinalis
963 2857 1224 2917 violatur
1248 2859 1501 2937 pulvere
1529 2880 1756 2918 murus.

440 2954 794 3029 obstipuere
822 2962 1025 3012 truces
1053 2973 1236 3011 omen
1265 2953 1647 3033 Corybantes
1676 2963 1742 3013 et
1770 2975 1891 3013 uno
2144 2965 2247 3013 285

441 3046 564 3105 fixa
590 3056 765 3106 metu
792 3052 1013 3106 tacitas
1039 3057 1398 3126 presserunt
1425 3053 1596 3127 orgia
1621 3050 1837 3107 buxos

439 3141 702 3201 indoluit
728 3146 1036 3220 genetrix,
1063 3152 1198 3202 tum
1226 3147 1311 3201 sic
1337 3152 1645 3202 commota
1670 3142 1985 3222 profatur:

443 3294 561 3345 204
