2511 3938
1176 339 1624 400 CLAUDIAN

501 503 778 573 militiae,
808 503 1057 561 Latium
1083 509 1249 561 retro
1277 510 1344 560 te
1372 500 1581 561 confer
1606 505 1671 559 in
1698 521 1941 560 aevum.
2197 509 2303 559 400

501 590 754 649 libertas
786 592 1069 668 quaesita
1096 587 1304 665 placet
1330 589 1353 645 Ρ
1414 588 1717 646 mirabere
1748 587 2030 645 Brutum.

497 676 819 753 perfidiam
852 675 1108 734 damnas
1134 675 1157 732 ?
1241 673 1434 732 Metti
1466 674 1772 732 satiabere
1804 678 2037 752 poenis,

500 766 681 820 triste
708 765 873 840 rigor
900 765 1123 818 nimius
1149 761 1172 817 ?
1251 761 1547 838 Torquati
1575 760 1821 837 despice
1850 780 2069 819 mores,

500 868 662 906 mors
694 850 974 925 impensa
1005 847 1237 904 bonum
1263 847 1286 904 ?
1346 845 1592 928 ..Decios
1625 865 1918 905 venerare
1950 853 2225 904 ruentes,

501 934 600 992 vel
628 934 789 993 solus
818 934 966 1011 quid
992 932 1167 991 fortis
1197 940 1367 1010 agat,
1394 940 1461 990 te
1488 940 1680 1010 ponte
1709 931 1908 991 soluto
2196 941 2303 989 405

501 1024 818 1098 oppositus
848 1018 1080 1089 Cocles,
1112 1017 1284 1077 Muci
1311 1026 1378 1076 te
1407 1017 1655 1077 flamma
1681 1019 1928 1077 docebit
1953 1038 1969 1089 ;

499 1106 650 1185 quid
677 1127 846 1165 mora
871 1104 1233 1183 perfringat,
1264 1104 1487 1162 Fabius
1514 1123 1530 1174 ;
1579 1104 1729 1182 quid
1753 1105 1937 1163 rebus
1963 1108 2028 1163 in
2056 1108 2203 1163 artis

500 1191 627 1251 dux
655 1200 855 1271 gerat,
884 1191 1173 1250 ostendet
1203 1188 1518 1249 Gallorum
1547 1198 1754 1269 strage
1785 1190 2093 1249 Camillus,

501 1277 753 1336 discitur
783 1277 924 1335 hinc
954 1275 1148 1334 nullos
1179 1279 1415 1334 meritis
1445 1276 1743 1334 obsistere
1774 1296 1949 1334 casus
1977 1296 1991 1334 ι

499 1371 791 1442 prorogat
819 1370 1140 1421 aeternam
1167 1360 1382 1420 feritas
1412 1362 1525 1420 tibi
1557 1361 1786 1420 Punica
1812 1360 2064 1431 famam,
2199 1370 2307 1418 410

502 1448 739 1529 Regule
766 1468 781 1519 ;
833 1467 1144 1506 successus
1176 1456 1471 1525 superant
1503 1448 1758 1506 adversa
1789 1448 2061 1506 Catonis,

500 1534 754 1594 discitur
780 1534 921 1593 hinc
948 1542 1251 1612 quantum
1277 1543 1612 1611 paupertas
1640 1535 1841 1593 sobria
1865 1537 2058 1611 possit
2086 1552 2100 1591 ε

499 1641 736 1699 pauper
766 1629 900 1679 erat
931 1620 1168 1688 CuriuS,
1197 1639 1377 1698 reges
1407 1640 1548 1678 cum
1576 1624 1851 1679 vinceret
1880 1622 2084 1689 armiS‚

498 1726 734 1785 pauper
763 1707 1094 1775 FabriciuS,
1124 1705 1340 1784 Pyrrhi
1367 1726 1508 1764 cum
1535 1714 1854 1784 sperneret
1882 1725 2097 1764 aurum
2125 1722 2140 1774 ;

498 1792 742 1851 sordida
772 1793 1038 1851 dictator
1068 1790 1243 1849 flexit
1274 1790 1567 1850 Serranus
1599 1799 1804 1850 aratra
1829 1812 1843 1850 :
2200 1799 2309 1847 415

497 1877 796 1937 lustratae
825 1877 1039 1936 lictore
1069 1897 1247 1936 casae
1277 1876 1597 1956 fascesque
1628 1876 1874 1956 salignis

499 1964 775 2042 postibus
808 1962 995 2023 adfixi
1020 1982 1036 2033 ;
1087 1962 1381 2023 collectae
1411 1962 1658 2023 consule
1687 1984 1916 2022 messes

501 2059 567 2109 et
594 2050 828 2109 sulcata
854 2050 961 2108 diu
987 2050 1274 2109 trabeato
1300 2071 1443 2109 rura
1468 2048 1743 2109 colono.''

577 2136 750 2195 Haec
779 2140 1023 2214 genitor
1050 2145 1387 2213 praecepta
1415 2137 1607 2195 dabat
1634 2157 1647 2195 :
1698 2136 1869 2195 velut
1896 2135 1998 2194 ille
2028 2139 2273 2194 carinae

498 2222 831 2301 longaevus
862 2231 1085 2292 rector,
1116 2225 1295 2280 variis
1327 2241 1514 2299 quem
1545 2242 1731 2300 saepe
1761 2221 2040 2301 procellis
2197 2231 2305 2279 420

500 2308 841 2386 exploravit
867 2307 1085 2378 hiemS,
1111 2316 1305 2384 ponto
1334 2311 1458 2366 iam
1484 2307 1680 2367 fessus
1710 2317 1775 2368 et
1803 2313 1975 2368 annis

501 2414 836 2473 aequoreas
868 2393 989 2452 alni
1019 2402 1167 2453 nato
1197 2395 1592 2454 commendat
1622 2395 1892 2453 habenas

498 2490 564 2540 et
592 2501 766 2539 casus
797 2488 1085 2557 artesque
1116 2479 1300 2538 docet
1327 2499 1341 2537 ι
1393 2500 1515 2558 quo
1545 2481 1766 2540 dextra
1794 2489 2047 2560 regatur

496 2568 696 2626 sidere
722 2586 737 2637 3
792 2587 913 2645 quo
946 2564 1166 2623 fluctus
1196 2569 1391 2642 possit
1422 2566 1839 2624 moderamine
1868 2565 1997 2624 falli
2023 2586 2038 2637 3

496 2674 657 2732 quae
687 2662 837 2711 nota
865 2652 1212 2710 nimborum
1238 2669 1253 2721 ;
1306 2670 1466 2728 quae
1496 2650 1662 2710 fraus
1691 2652 1881 2712 infida
1909 2655 2110 2711 sereni
2136 2671 2152 2723 3
2197 2661 2306 2709 425

564 2873 586 2903 ¹
619 2872 734 2922 The
768 2876 918 2935 story
953 2869 1015 2921 of
1044 2871 1136 2921 the
1172 2870 1522 2935 punishment
1557 2871 1619 2922 of
1654 2872 1877 2924 Mettius
1914 2872 2174 2934 Fufetius,
2210 2875 2308 2927 the

494 2937 676 2989 Alban
701 2936 947 2996 dictator,
971 2935 1048 3000 by
1071 2935 1164 2986 the
1192 2936 1405 2986 Roman
1432 2936 1569 3002 king
1592 2937 1779 2989 Tullus
1803 2938 2066 2990 Hostilius
2099 2940 2184 2991 for
2219 2943 2307 2992 his

492 3002 769 3066 treachery
786 3004 843 3051 in
859 3001 953 3052 the
969 3018 1079 3051 war
1095 3004 1311 3066 against
1329 3001 1565 3053 Fidenae
1580 3005 1625 3053 is
1642 3003 1755 3054 told
1772 3004 1810 3055 b
1869 3004 2008 3070 Livy
2050 3009 2084 3057 i.
2103 3009 2192 3057 28.
2216 3007 2306 3070 10)

492 3068 602 3119 and
620 3066 850 3118 referred
867 3072 925 3117 to
941 3067 1017 3131 by
1035 3066 1301 3117 Claudian
1315 3066 1422 3131 (xv.
1438 3068 1581 3131 254).
1637 3068 1744 3120 For
1764 3021 2015 3135 Mzcius(
2091 3073 2311 3141 aevola)

491 3133 719 3198 holding
752 3132 835 3183 his
867 3148 986 3182 arm
1019 3133 1075 3182 in
1108 3131 1202 3183 the
1232 3132 1395 3183 flame
1427 3138 1485 3183 to
1517 3133 1668 3184 show
1702 3135 1837 3186 Lars
1872 3135 2145 3187 Porsenna
2180 3137 2310 3189 how

490 3200 625 3251 little
649 3199 733 3258 he,
758 3215 792 3248 a
820 3198 1052 3258 Roman,
1077 3197 1295 3248 minded
1321 3198 1507 3263 bodily
1530 3202 1659 3263 pain
1684 3216 1772 3252 see
1797 3201 1938 3267 Livy
1962 3205 2016 3254 ii.
2047 3207 2128 3254 12.

496 3276 613 3336 316
