2511 3938
1129 266 1578 326 CLAUDIAN

454 427 821 507 lapsuroque
849 438 988 488 tuos
1016 449 1260 488 umeros
1287 429 1582 488 obieceris
1609 429 1739 488 orbi
1766 430 1790 487 ?

456 537 523 589 te
549 531 723 590 nobis
749 532 1031 610 trepidae
1057 532 1222 590 sidus
1249 551 1364 591 ceu
1390 532 1568 591 dulce
1595 535 1839 591 carinae
2158 538 2263 587 275

457 635 783 693 ostendere
811 635 933 705 dei,
959 638 1219 714 geminis
1247 654 1408 712 quae
1434 633 1594 693 lassa
1617 634 1913 713 procellis

456 736 737 795 tunditur
764 745 831 795 et
855 740 1016 795 victo
1043 735 1309 795 trahitur
1334 740 1459 795 iam
1484 757 1669 795 caeca
1694 740 2009 815 magistro.

458 838 739 897 Inachius
768 838 973 897 Rubro
999 838 1361 916 perhibetur
1385 843 1450 897 in
1478 859 1745 918 aequore
1774 837 2032 897 Perseus

458 939 733 1018 Neptuni
759 941 1064 999 domuisse
1089 958 1300 1019 pecuS,
1327 942 1438 1001 sed
1464 945 1657 1000 tutior
1684 941 1792 1000 alis
1820 963 1834 1000 ε

457 1051 523 1102 te
550 1064 673 1101 non
697 1063 903 1121 penna
929 1043 1100 1102 vehit
1125 1062 1140 1113 3
1187 1042 1388 1122 rigida
1413 1064 1554 1102 cum
1582 1044 1869 1123 Gorgone
1899 1042 2157 1101 Perseus
2185 1064 2200 1101 ε

457 1152 528 1203 tu
554 1165 679 1203 non
704 1148 952 1222 vipereo
979 1143 1269 1204 defensus
1296 1149 1463 1203 crine
1494 1146 1797 1204 Medusae
1825 1165 1840 1215 3
2157 1153 2255 1201 281

457 1247 630 1306 illum
655 1247 788 1306 vilis
816 1267 986 1306 amor
1011 1267 1344 1325 suspensae
1371 1251 1620 1327 virginis
1649 1251 1781 1327 egit
1807 1268 1823 1307 t

457 1357 522 1408 te
551 1348 828 1408 Romana
853 1349 1035 1407 salus,
1115 1357 1325 1408 taceat
1351 1358 1641 1428 superata
1667 1358 1965 1420 vetustaS,

457 1452 791 1511 Herculeos
817 1450 1095 1510 conferre
1123 1456 1245 1510 tuis
1272 1455 1397 1510 iam
1423 1452 1668 1511 desinat
1694 1460 1888 1511 actus,

457 1575 579 1613 una
607 1554 980 1613 Cleonaeum
1004 1554 1304 1632 pascebat
1329 1553 1480 1612 silva
1504 1553 1749 1613 leonem
1774 1573 1790 1623 3
2156 1563 2259 1611 285

454 1657 756 1716 Arcadiae
786 1655 1010 1714 saltum
1039 1657 1327 1714 vastabat
1356 1656 1646 1715 dentibus
1676 1675 1867 1714 unum

454 1778 669 1817 saevus
698 1777 866 1835 aper,
894 1766 1089 1836 tuque
1117 1778 1153 1815 o
1180 1777 1528 1835 compressa
1553 1765 1753 1817 matre
1778 1756 2083 1816 rebellans

454 1881 577 1918 non
604 1859 765 1918 ultra
794 1859 1029 1939 Libyae
1057 1859 1230 1930 fines,
1258 1859 1526 1930 Antaee,
1553 1861 1840 1929 nocebaS‚

453 1963 702 2042 solaque
729 1962 1024 2023 fulmineo
1050 1962 1383 2044 resonabat
1410 1961 1599 2022 Creta
1621 1966 1878 2022 iuvenco

454 2053 920 2144 Lernaeamque
947 2069 1146 2125 virens
1173 2066 1504 2126 obsederat
1529 2065 1727 2145 hydra
1750 2064 2062 2143 paludem.
2152 2074 2254 2123 290

453 2169 568 2228 hoc
593 2178 935 2227 monstrum
961 2189 1083 2226 non
1110 2189 1233 2226 una
1259 2169 1456 2247 paluS,
1482 2189 1606 2226 non
1632 2188 1756 2226 una
1782 2167 2094 2227 tremebat

450 2271 669 2341 insula,
695 2271 806 2329 sed
834 2269 1014 2328 Latia
1041 2270 1339 2349 quidquid
1365 2270 1603 2329 dicione
1631 2269 1955 2328 subactum

452 2378 623 2444 vivit,
650 2382 717 2433 et
743 2394 780 2431 a
804 2375 1013 2450 primis
1043 2371 1292 2451 Ganges
1319 2372 1610 2432 horrebat
1637 2372 1904 2431 Hiberis.

452 2477 567 2535 hoc
593 2495 796 2552 neque
826 2474 1076 2553 Geryon
1101 2474 1328 2552 triplex
1355 2494 1470 2533 nec
1496 2475 1775 2534 turbidus
1805 2474 1949 2533 Orci

451 2581 673 2637 ianitor
700 2576 993 2655 aequabit
1019 2596 1134 2634 nec
1160 2580 1211 2634 si
1237 2585 1559 2636 concurrat
1584 2580 1648 2635 in
1675 2597 1867 2635 unum
2150 2585 2252 2634 295

448 2684 539 2741 vis
565 2680 798 2760 hydrae
827 2678 1188 2758 Scyllaeque
1213 2677 1411 2738 fames
1438 2688 1506 2739 et
1531 2679 1778 2739 flamma
1806 2680 2189 2739 Chimaerae.

528 2782 860 2841 Certamen
885 2780 1143 2839 sublime
1171 2781 1298 2851 diu,
1325 2782 1436 2841 sed
1462 2782 1729 2841 moribus
1754 2786 1954 2861 impar

448 2890 749 2945 virtutum
776 2884 1196 2961 scelerumque
1222 2882 1365 2942 fuit.
1443 2884 1718 2962 iugulare
1746 2888 2016 2944 minatur
2044 2906 2058 2944 ε

448 2998 520 3048 tu
544 2988 832 3067 prohibes
858 3006 874 3056 3
923 2987 1118 3045 ditem
1145 2985 1367 3064 spoliat
1394 3006 1408 3044 ε
1457 2994 1527 3044 tu
1553 2987 1758 3046 reddis
1787 2991 1997 3066 egenti
2023 3007 2039 3058 3

449 3096 610 3150 eruit
636 3112 651 3150 ε
697 3093 1000 3148 instauras
1027 3106 1043 3157 3
1092 3088 1374 3147 accendit
1398 3087 1631 3166 proelia
1657 3109 1671 3147 ε
1718 3092 1928 3148 vincis,
2150 3100 2252 3150 300

450 3196 530 3256 46
