2511 3938
1176 282 1625 382 CLAUDIAN

500 489 828 563 uxorisque
855 485 1043 544 decus
1069 485 1284 542 matris
1309 484 1659 541 reverentia
1681 488 1944 560 pensat.

500 614 610 651 nos
640 593 873 651 Lucina
898 591 1082 670 fugit,
1109 610 1224 649 nec
1249 594 1507 669 pignore
1533 592 1787 647 nitimur
1814 587 1958 646 ullo.

501 721 642 759 cum
668 698 865 759 forma
891 698 1159 777 dilapsus
1188 718 1359 756 amor
1384 716 1401 768 ;
1449 696 1736 756 defloruit
1762 699 1880 766 oris

500 811 702 887 gratia
730 828 745 866 ι
793 827 917 885 qua
943 809 1148 864 miseri
1175 804 1452 883 scapulas
1479 805 1822 862 tutabimur
1847 811 1983 861 arte
2009 803 2032 860 ?

502 934 625 993 qua
650 914 930 992 placeam
954 917 1194 972 ratione
1222 932 1414 971 senex
1441 912 1464 970 ?
1494 910 1530 932 '’

1603 1009 1700 1069 Sic
1726 1008 1893 1068 fatus
1922 1017 2174 1067 acutum

504 1120 863 1199 adgreditur
887 1119 1122 1178 lenonis
1150 1138 1325 1197 opuS,
1352 1137 1468 1176 nec
1494 1120 1699 1196 segnis
1727 1117 1806 1175 ad
1834 1124 2032 1175 artem

503 1246 676 1285 mens
705 1236 840 1285 erat
864 1227 1164 1304 officiique
1191 1245 1387 1303 capax
1415 1244 1751 1302 omnesque
1777 1223 2026 1302 pudoris

502 1332 794 1393 hauserat
817 1334 1086 1393 insidias,
1167 1332 1445 1391 custodia
1471 1330 1638 1389 nulla
1664 1332 1897 1390 tuendo

504 1441 628 1501 fida
653 1450 788 1500 toro
815 1460 831 1511 ;
878 1440 1027 1499 nulli
1052 1448 1345 1518 poterant
1373 1438 1700 1498 excludere
1726 1447 1935 1497 vectes
1962 1458 1978 1498 ε

503 1547 605 1606 ille
632 1547 731 1606 vel
757 1557 969 1606 aerata
998 1549 1264 1606 Danae‘n
1289 1551 1353 1604 in
1380 1555 1549 1606 turre
1576 1545 1880 1605 latentem

506 1654 777 1714 eliceret.
855 1655 1038 1714 fletus
1065 1656 1297 1715 domini
1324 1655 1603 1733 fingebat
1630 1657 1916 1726 amantiS,

501 1762 956 1841 indomitasque
984 1783 1175 1832 mora,
1200 1766 1404 1841 pretio
1432 1761 1670 1820 lenibat
1697 1781 1910 1820 avaras

503 1854 879 1949 lascivasque
905 1873 1050 1929 iocis
1078 1889 1093 1940 ;
1142 1890 1266 1928 non
1293 1869 1573 1929 blandior
1598 1869 1755 1928 ullus
1785 1871 1987 1928 euntis

506 1977 759 2036 ancillae
788 1981 1069 2056 tetigisse
1094 1978 1257 2036 latus
1284 1976 1627 2057 leviterque
1653 1978 1922 2036 reductis

506 2086 777 2144 vestibus
805 2085 1043 2145 occulto
1070 2090 1302 2144 crimen
1329 2086 1653 2144 mandasse
1681 2106 1923 2144 susurro

505 2212 620 2251 nec
645 2191 824 2252 furtis
852 2197 1163 2272 quaesisse
1189 2193 1392 2252 locum
1418 2213 1533 2251 nec
1558 2192 1776 2252 fraude
1803 2201 2052 2271 reperta

505 2303 741 2359 cautior
769 2299 920 2358 elusi
946 2299 1228 2379 fremitus
1254 2305 1453 2359 vitare
1480 2303 1706 2359 mariti.

505 2406 673 2466 haud
700 2407 879 2466 aliter
903 2412 1195 2466 iuvenum
1221 2408 1481 2466 flammis
1509 2407 1822 2487 Ephyreia
1850 2407 1992 2467 Lais

507 2534 542 2573 e
568 2517 816 2593 gemino
844 2516 1045 2574 ditata
1070 2519 1223 2573 mari
1250 2534 1266 2585 ;
1315 2535 1455 2574 cum
1482 2524 1648 2575 serta
1674 2514 1905 2574 refudit

505 2624 783 2693 canities,
809 2626 934 2680 iam
960 2624 1144 2681 turba
1168 2643 1396 2701 procax
1423 2624 1744 2700 noctisque
1771 2623 2007 2681 recedit

507 2730 773 2789 ambitus
803 2739 869 2788 et
894 2751 1030 2789 raro
1056 2731 1336 2808 pulsatur
1360 2733 1546 2788 ianua
1571 2739 1768 2800 tactu,

506 2855 697 2915 seque
723 2836 1083 2896 reformidat
1109 2837 1358 2916 speculo
1384 2837 1722 2896 damnante
1750 2846 2033 2897 senectus
2060 2857 2077 2907 3

507 2956 635 3006 stat
661 2955 874 3005 tamen
901 2955 1091 3027 atque
1121 2945 1268 3004 alias
1296 2949 1596 3023 succingit
1621 2944 1764 3004 lena
1789 2949 2096 3004 ministras

508 3055 925 3131 dilectumque
953 3053 1059 3111 diu
1086 3056 1364 3131 quamvis
1391 3052 1692 3132 longaeva
1718 3052 1977 3132 lupanar

507 3165 721 3220 circuit
749 3169 815 3219 et
840 3163 1114 3218 retinent
1140 3179 1363 3237 moreS,
1391 3161 1557 3238 quod
1581 3160 1855 3238 perdidit
1882 3170 2076 3220 aetaS.

514 3263 627 3315 144

2239 704 2307 752 75

2242 1339 2310 1388 80

2244 1880 2312 1927 85

2248 2956 2319 3005 95
