2511 3938
1090 271 1537 331 CLAUDIAN

417 432 673 492 abstulit
698 433 860 492 hunc
886 434 1142 494 tandem
1169 432 1375 492 Rufini
1399 451 1601 511 poena
1627 428 1963 489 tumultum
2152 435 2222 483 20

417 523 801 602 absolvitque
829 524 997 582 deos,
1075 527 1201 582 iam
1225 543 1351 583 non
1378 523 1459 581 ad
1482 521 1749 580 culmina
1774 537 1980 577 rerum

413 616 673 672 iniustos
699 617 961 695 crevisse
990 633 1211 692 queror
1236 632 1252 683 ;
1301 612 1599 671 tolluntur
1623 615 1688 668 in
1716 609 1931 677 altum,

418 712 491 762 ut
515 702 690 781 lapsu
716 706 994 781 graviore
1020 711 1225 764 ruant.
1305 722 1411 761 vos
1437 702 1694 780 pandite
1723 704 1870 770 vati,

419 792 713 864 PierideS‚
741 813 862 871 quo
889 801 1068 851 tanta
1092 792 1223 851 lues
1252 795 1527 871 eruperit
1552 800 1712 851 ortu.

498 881 775 941 Invidiae
803 883 1114 961 quondam
1138 882 1401 941 stimulis
1425 882 1745 942 incanduit
1771 890 1947 940 atrox
2157 887 2224 935 25

421 971 685 1042 Allecto,
710 969 980 1050 placidas
1006 971 1134 1030 late
1161 992 1301 1031 cum
1328 981 1610 1032 cerneret
1636 972 1839 1030 urbes.

421 1065 700 1138 protinus
725 1061 995 1120 infernas
1024 1062 1104 1121 ad
1128 1061 1340 1120 limina
1366 1070 1571 1121 taetra
1597 1081 1831 1120 sorores

424 1150 746 1209 concilium
772 1150 1048 1210 deforme
1075 1160 1276 1210 vocat.
1355 1151 1776 1228 glomerantur
1800 1154 1865 1208 in
1890 1169 2082 1208 unum

424 1243 784 1299 innumerae
809 1249 1019 1318 pestes
1046 1241 1254 1311 Erebi,
1284 1261 1700 1319 quascumque
1727 1244 1969 1299 sinistro

427 1329 566 1389 Nox
593 1333 812 1409 genuit
837 1329 973 1389 fetu
1001 1349 1015 1388 ε
1063 1333 1273 1388 nutrix
1302 1331 1621 1389 Discordia
1646 1329 1813 1401 belli,
2164 1337 2234 1386 30

425 1423 754 1498 imperiosa
780 1419 1022 1489 Fames,
1048 1419 1176 1479 leto
1202 1423 1402 1477 vicina
1428 1418 1726 1478 Senectus

424 1512 880 1587 impatiensque
908 1512 1000 1567 sui
1030 1508 1287 1567 Morbus
1317 1509 1621 1587 Livorque
1648 1509 1929 1568 secundis

430 1602 648 1657 anxius
677 1607 744 1657 et
768 1602 952 1657 scisso
978 1618 1260 1656 maerens
1287 1597 1588 1657 velamine
1618 1598 1849 1657 Luctus

432 1697 498 1746 et
523 1688 730 1746 Timor
757 1696 825 1746 et
849 1707 1032 1746 caeco
1057 1707 1353 1765 praeceps
1382 1688 1659 1747 Audacia
1684 1688 1859 1746 vultu

432 1787 498 1836 et
520 1777 731 1835 Luxus
749 1775 1076 1854 populator
1094 1796 1303 1855 opum,
1323 1797 1510 1855 quem
1530 1797 1773 1856 semper
1792 1777 2131 1836 adhaerens
2169 1785 2238 1834 35

430 1865 645 1925 infelix
673 1865 887 1924 humili
912 1885 1124 1944 gressu
1151 1870 1480 1925 comitatur
1506 1867 1791 1945 EgestaS,

429 1956 741 2035 foedaque
767 1956 1082 2015 Avaritiae
1109 1955 1467 2035 complexae
1493 1966 1746 2035 pectora
1772 1960 1984 2016 matris

432 2051 743 2106 insomnes
769 2046 953 2124 longo
980 2050 1236 2105 veniunt
1264 2050 1547 2104 examine
1576 2047 1794 2105 Curae.

437 2136 822 2214 complentur
848 2139 1013 2194 vario
1039 2135 1272 2195 ferrata
1298 2136 1512 2194 sedilia
1538 2145 1721 2195 coetu

437 2234 735 2304 torvaque
762 2225 1030 2284 collectis
1058 2229 1324 2304 stipatur
1350 2229 1516 2284 curia
1542 2229 1848 2284 monstris,
2172 2233 2240 2283 40

439 2315 681 2374 Allecto
708 2318 888 2374 stetit
912 2319 976 2373 in
1003 2316 1220 2373 mediis
1247 2314 1589 2393 vulgusque
1615 2324 1823 2374 tacere

439 2408 616 2463 iussit
643 2413 709 2463 et
735 2406 1053 2464 obstantes
1078 2409 1144 2462 in
1170 2413 1419 2483 tergum
1444 2404 1714 2483 reppulit
1741 2425 1974 2484 angues

438 2514 675 2572 perque
702 2514 944 2552 umeros
973 2514 1175 2552 errare
1203 2494 1400 2554 dedit.
1479 2502 1614 2552 tum
1640 2494 1822 2553 corde
1850 2496 1964 2554 sub
1989 2498 2114 2553 imo

439 2583 737 2642 inclusam
762 2583 988 2641 rabidis
1014 2582 1317 2661 patefecit
1342 2585 1589 2642 vocibus
1614 2588 1771 2642 iram
1797 2605 1813 2643 z

523 2681 562 2707 “
586 2671 784 2731 Sicine
812 2672 1140 2751 tranquillo
1166 2673 1421 2751 produci
1448 2673 1692 2732 saecula
1716 2694 1917 2744 cursu,
2178 2683 2245 2730 45

446 2766 530 2821 sic
555 2760 900 2821 fortunatas
926 2766 1237 2840 patiemur
1262 2766 1468 2821 vivere
1494 2765 1761 2841 gentes?

448 2871 607 2929 quae
634 2872 792 2910 nova
818 2856 1088 2929 corrupit
1114 2861 1353 2910 nostros
1380 2851 1709 2911 clementia
1735 2873 1934 2911 mores
1959 2853 1984 2911 ?

450 2962 571 3019 quo
596 2942 796 2999 rabies
822 2945 1037 2999 innata
1061 2945 1226 3019 perit
1251 2943 1275 2999 ?
1325 2941 1475 3019 quid
1499 2945 1705 3000 inania
1730 2952 1989 3021 prosunt

449 3032 707 3089 verbera
731 3031 755 3088 ?
805 3030 954 3107 quid
977 3029 1212 3089 facibus
1239 3034 1618 3109 nequiquam
1643 3036 1944 3111 cingimur
1970 3035 2118 3091 atris
2145 3032 2168 3092 ?

452 3194 527 3245 28
