2511 3938
1096 360 1543 419 CLAUDIAN

418 528 484 578 et
511 540 898 599 quocumque
925 518 1058 579 loco
1085 519 1337 579 Stilicho
1364 524 1634 579 tentoria
1661 519 1835 599 figat,

417 604 570 664 haec
594 610 800 684 patria
828 603 989 665 est.’'

965 690 1110 750 Dux
1135 693 1283 752 inde
1310 701 1485 751 vetat
1513 712 1526 750 ε
1576 701 1614 728 “
1640 691 1942 762 desistite,
1970 710 2219 770 quaeso.

416 786 606 856 atque
634 778 878 837 avidam
904 777 1146 837 differte
1174 799 1447 837 manum.
1526 778 1710 837 cadat
1734 782 1853 837 iste
1880 782 2134 837 minacis
2164 805 2172 810 ·

414 860 680 923 invidiae
709 864 1006 923 cumulus.
1086 884 1211 923 non
1238 874 1336 924 est
1361 868 1616 923 victoria
1642 868 1825 935 tanti,

417 959 489 1009 ut
516 950 727 1009 videar
752 955 966 1009 vicisse
994 951 1163 1010 mihi.
1242 971 1349 1010 vos
1377 951 1500 1010 fida
1524 954 1811 1010 iuventus
1901 988 1906 993 ‹
2118 958 2219 1007 250

413 1040 525 1107 ite,
553 1041 677 1095 mei
704 1038 1016 1116 quondam
1043 1035 1230 1096 socii)
1332 1057 1445 1096 nec
1470 1032 1647 1115 plura
1673 1038 1911 1096 locutus

414 1120 590 1182 flexit
615 1127 776 1182 iter:
825 1144 1016 1182 vacuo
1044 1123 1238 1202 qualis
1267 1124 1528 1182 discedit
1553 1123 1728 1183 hiatu

411 1210 742 1286 impatiens
769 1229 1045 1267 remeare
1073 1209 1191 1280 le0‚
1220 1230 1407 1287 quem
1433 1209 1695 1286 plurima
1720 1211 1920 1286 cuspis

415 1307 481 1357 et
505 1298 844 1376 pastorales
869 1298 1287 1377 pepulerunt
1269 1318 1414 1377 igne
1442 1307 1749 1369 catervae,

411 1388 789 1466 inclinatque
814 1391 990 1448 iubas
1018 1388 1406 1467 demissaque
1432 1388 1664 1447 lumina
1689 1387 1857 1447 velat
2120 1398 2221 1445 255

415 1485 481 1535 et
507 1477 780 1555 trepidas
807 1486 1045 1536 maesto
1071 1481 1331 1536 rimatur
1355 1497 1665 1537 murmure
1694 1476 1891 1535 silvaS.

493 1565 584 1624 Ut
611 1586 746 1624 sese
772 1566 934 1643 legio
960 1566 1116 1625 vidit
1142 1566 1447 1625 disiuncta
1472 1560 1756 1643 relinqui,

410 1658 732 1732 ingentem
759 1654 921 1714 tollit
947 1659 1249 1733 gemitum
1277 1654 1610 1733 galeasque
1638 1655 1850 1714 solutis

413 1752 691 1802 umectat
716 1743 977 1803 lacrimis
1002 1763 1402 1822 pressamque
1430 1747 1735 1812 morantia
1761 1764 1974 1803 vocem

412 1832 732 1891 thoracum
759 1833 988 1892 validos
1015 1832 1266 1910 pulsant
1293 1837 1551 1911 suspiria
1577 1854 1816 1892 nexus:
1980 1846 1986 1851 “
2119 1842 2220 1891 260

414 1922 798 1991 “tradimur‚
881 1921 1024 1992 heu,
1106 1930 1478 2003 tantumque
1564 1927 1739 2003 sequi
1823 1923 2223 2002 prohibemur

568 2032 880 2070 amorem.
870 2010 925 2055 '’

413 2107 781 2166 exclamant.
849 2112 1231 2186 “spernisne
1257 2118 1418 2180 tuaS,
1445 2097 1573 2169 dux
1600 2113 1856 2189 optime,
1885 2110 2158 2181 dextraS‚

411 2216 563 2275 quas
591 2199 705 2257 tibi
732 2201 1010 2257 victrices
1037 2202 1268 2257 totiens
1295 2198 1550 2258 Bellona
1573 2201 1859 2278 probavit
1884 2201 1907 2258 ?

413 2307 521 2345 nos
550 2287 706 2346 adeo
733 2287 882 2346 viles
909 2289 932 2345 ?
1022 2288 1178 2347 adeo
1204 2287 1440 2348 felicior
1466 2293 1597 2349 axis

413 2376 772 2455 HesperiuS,
788 2381 1026 2436 ¹meruit
1053 2381 1158 2457 qui
1185 2387 1251 2437 te
1279 2388 1519 2438 rectore
1547 2381 1747 2438 teneri
1774 2380 1797 2437 ?
2118 2388 2219 2436 265

411 2465 561 2542 quid
586 2466 760 2540 nobis
785 2461 1073 2544 patriam,
1103 2468 1252 2545 quid
1279 2489 1420 2527 cara
1446 2471 1711 2526 revisere
1739 2467 1995 2526 tandem

408 2559 667 2633 pignora
694 2555 1026 2615 dilectosve
1053 2561 1225 2616 iuvat
1250 2557 1507 2616 coluisse
1529 2566 1794 2635 ‚penates
1821 2558 1844 2615 ?

408 2650 475 2702 te
503 2648 634 2702 sine
662 2644 839 2703 dulce
867 2645 1037 2703 nihil.
1116 2649 1240 2704 iam
1267 2645 1598 2705 formidata
1624 2649 1871 2725 tyranni

407 2740 748 2811 tempestas
776 2735 1098 2794 subeunda
1123 2735 1294 2806 mihi,
1322 2740 1427 2814 qui
1452 2735 1614 2794 forte
1642 2734 1940 2794 nefandas
1996 2784 1999 2790 .

405 2827 531 2882 iam
556 2832 736 2901 parat
761 2825 1031 2895 insidiaS,
1059 2828 1164 2902 qui
1191 2844 1301 2883 nos
1331 2833 1440 2883 aut
1466 2826 1747 2903 turpibus
1776 2824 1975 2883 Hunis
2116 2834 2218 2883 270

318 2930 322 2935 ·
410 2922 519 2972 aut
544 2917 864 2991 impacatis
890 2913 1150 2972 famulos
1176 2915 1505 2991 praebebit
1532 2913 1742 2972 Alanis
1770 2933 1785 2984 ;

408 3022 784 3081 quamquam
810 3024 934 3061 non
962 3003 1118 3062 adeo
1144 3004 1329 3061 robur
1356 3002 1655 3062 defecerit
1681 3024 1863 3062 omne

409 3098 664 3150 tantave
691 3091 978 3168 gestandi
1004 3090 1194 3149 fuerit
1218 3095 1478 3169 penuria
1503 3090 1670 3150 ferri.

408 3188 502 3251 tu,
528 3180 674 3239 licet
701 3181 951 3240 occiduo
979 3201 1230 3240 maneas
1259 3183 1372 3240 sub
1399 3182 1647 3241 cardine
1674 3182 1850 3253 caeli,

410 3297 487 3360 76
