2511 3938
1125 327 1571 387 CLAUDIAN

445 490 697 549 nuntius
726 507 740 545 ε
791 495 1092 545 armatam
1119 507 1325 545 rursus
1352 487 1669 566 Babylona
1695 490 1913 546 minari
2146 495 2254 543 475

444 587 594 647 rege
622 589 779 626 novo
806 587 822 637 ;
869 568 1099 627 resides
1130 568 1388 628 Parthos
1413 573 1638 648 ignava
1662 589 1911 647 perosos

447 654 575 708 otia
602 650 916 708 Romanae
944 649 1131 708 finem
1155 654 1280 709 iam
1309 671 1606 728 quaerere
1632 655 1790 729 paci.

445 752 617 789 rarus
646 732 813 809 apud
842 731 1063 790 Medos
1090 752 1310 810 regum
1336 753 1511 791 cruor
1537 753 1552 803 ;
1601 753 1848 810 unaque
1876 741 2097 790 cuncto

446 833 648 891 poena
673 822 888 871 manet
913 817 1127 891 generi
1155 834 1168 872 t
1219 819 1495 891 quamvis
1523 815 1869 874 crudelibus
1897 833 2095 890 aeque
2192 853 2196 862 «

446 904 700 973 paretur
725 895 1006 954 dominis.
1085 895 1196 954 sed
1223 896 1373 973 quid
1398 917 1522 954 non
1549 897 1779 956 audeat
1806 916 1999 954 annus
2152 901 2257 951 480

449 977 732 1054 Eutropii
758 977 781 1034 ?
831 980 1061 1034 socium
1088 978 1262 1035 nobis
1291 976 1604 1055 fidumque
1632 978 1926 1056 Saporem

449 1058 711 1136 perculit
739 1066 805 1116 et
833 1057 1048 1118 Persas
1074 1061 1140 1115 in
1165 1062 1338 1136 regia
1363 1059 1617 1118 vulnera
1642 1063 1835 1118 movit

375 1205 379 1209 ,
449 1149 861 1217 rupturasque
888 1138 1096 1210 fidem,
1122 1138 1250 1198 leto
1277 1160 1417 1218 pars
1445 1161 1525 1199 ne
1554 1161 1677 1219 qua
1702 1150 1970 1210 vacaret,

451 1221 865 1280 Eumenidum
891 1221 1108 1279 taedas
1135 1230 1305 1280 trans
1333 1221 1586 1280 flumina
1611 1223 1872 1302 Tigridis
1902 1226 2051 1301 egit.

527 1302 686 1360 Tum
716 1322 859 1361 vero
889 1302 1167 1361 cecidere
1199 1307 1386 1361 animi
1416 1307 1731 1383 tantisque
1760 1303 2039 1382 procellis
2157 1311 2263 1360 485

453 1383 766 1443 deficiunt.
847 1387 1047 1462 saepti
1072 1382 1441 1444 latrantibus
1471 1386 1743 1464 undique
1771 1386 1944 1445 bellis

450 1464 719 1524 infensos
748 1466 1003 1524 tandem
1030 1486 1283 1544 superos
1312 1476 1378 1525 et
1404 1468 1665 1526 consulis
1692 1488 1875 1526 omen
1930 1538 1933 1542 ‚

453 1567 760 1625 agnovere
787 1551 903 1617 sui,
929 1567 1044 1606 nec
1069 1552 1195 1606 iam
1221 1549 1566 1608 revocabile
1594 1550 1888 1609 damnum

454 1637 684 1687 eventu
710 1628 933 1688 stolido
962 1649 1167 1688 serum
1193 1631 1463 1690 didicere
1491 1636 1805 1710 magistro.

454 1731 723 1789 namque
749 1710 960 1769 ferunt
986 1715 1265 1790 geminos
1292 1733 1415 1771 uno
1443 1713 1522 1772 de
1549 1717 1784 1771 semine
1810 1711 2032 1771 fratres
2162 1721 2266 1769 490

457 1792 874 1869 Iapetionidas
902 1796 1145 1871 generis
1171 1794 1505 1871 primordia
1531 1798 1723 1853 nostri

455 1873 730 1932 dissimili
758 1873 1004 1932 finxisse
1031 1895 1218 1933 manu
1242 1896 1255 1933 ε
1300 1896 1718 1955 quoscumque
1747 1874 2150 1934 Prometheus
2187 1921 2193 1925 .

457 1954 726 2014 excoluit
750 1954 1140 2035 multumque
1166 1960 1451 2017 innexuit
1479 1958 1734 2018 aethera
1759 1958 1926 2028 limo,

459 2037 527 2100 hi
549 2036 733 2116 longe
762 2047 1023 2096 ventura
1049 2047 1272 2098 notant
1298 2039 1622 2118 dubiisque
1648 2044 1850 2118 parati

457 2120 696 2177 casibus
724 2128 1049 2178 occurrunt
1074 2119 1249 2179 fabro
1277 2121 1529 2180 meliore
1556 2121 1752 2200 politi.
2166 2130 2269 2179 495

459 2200 767 2259 deteriore
794 2201 928 2260 luto
953 2222 1175 2279 pravus
1205 2223 1357 2280 quos
1386 2203 1582 2262 edidit
1609 2213 1842 2273 auctor,

459 2302 646 2360 quem
673 2286 896 2341 merito
925 2283 1071 2341 Grai
1097 2284 1431 2361 perhibent
1456 2285 1828 2363 Epimethea
1855 2294 2051 2354 vateS,

460 2372 525 2422 et
552 2364 703 2422 nihil
730 2364 991 2424 aetherii
1018 2368 1240 2443 sparsit
1266 2385 1378 2443 per
1404 2367 1682 2425 membra
1709 2370 1954 2445 vigoris,

460 2445 524 2503 hi
550 2446 860 2523 pecudum
886 2449 1009 2504 ritu
1037 2467 1160 2504 non
1185 2447 1612 2524 impendentia
1638 2453 1840 2507 vitant

457 2547 572 2586 nec
599 2547 696 2586 res
725 2537 872 2586 ante
899 2527 1150 2597 vident3
1194 2537 1451 2606 accepta
1478 2528 1652 2589 clade
1680 2539 2023 2609 queruntur
2170 2539 2273 2587 500

461 2617 527 2667 et
554 2613 674 2667 seri
701 2618 1013 2668 transacta
1039 2619 1321 2688 gemunt.

533 2786 552 2816 1
588 2786 833 2837 Varanes
852 2786 969 2846 IV.,
987 2786 1126 2846 wh0,
1145 2786 1255 2837 like
1273 2788 1355 2838 his
1372 2788 1521 2840 three
1537 2789 1918 2853 predecessorS‚
1937 2791 2278 2853 ArtaxerxeS‚

462 2849 637 2915 Sapor
653 2852 777 2911 ΙΙΙ.,
794 2851 903 2901 and
917 2852 1161 2903 Varanes
1182 2853 1307 2913 ΙΙΙ.,
1327 2853 1436 2904 had
1449 2854 1708 2906 observed
1724 2871 1759 2905 a
1773 2861 1923 2907 truce
1938 2857 2067 2907 with
2085 2858 2276 2919 Rome,

461 2914 587 2966 died
634 2919 689 2966 in
736 2921 837 2968 399
884 2916 994 2967 and
1040 2934 1150 2968 was
1197 2918 1491 2969 succeeded
1538 2919 1615 2984 by
1662 2920 1981 2985 Isdigerdes.
2052 2923 2159 2974 For
2203 2924 2277 2975 all

460 2981 774 3032 Claudian’s
826 2983 936 3033 real
986 3000 1047 3034 or
1097 2983 1382 3034 simulated
1432 2987 1650 3049 anxiety
1699 2986 1805 3037 this
1855 2988 2114 3039 monarch
2164 3005 2276 3040 was

457 3062 518 3096 as
536 3047 832 3111 peaceably
848 3047 1098 3112 disposed
1116 3065 1176 3098 as
1199 3049 1291 3100 the
1290 3051 1561 3164 dprevious
1585 3067 1713 3101 ones
1737 3052 1846 3115 (see
1871 3051 2028 3104 Oros,
2052 3056 2141 3104 vii.
2167 3055 2280 3118 34).·

456 3109 726 3241 filagssclifn
753 3129 923 3164 seems
949 3119 1006 3164 to
1034 3114 1170 3164 have
1199 3131 1289 3164 ma
1329 3132 1358 3165 e
1384 3131 1455 3165 an
1483 3131 1628 3166 error
1653 3119 1709 3166 in
1737 3117 1938 3182 calling
1964 3118 2076 3168 him
2103 3118 2280 3184 Sapor

463 3262 582 3312 220
