2511 3938
1157 342 1607 402 CLAUDIAN

481 487 699 547 militia
728 491 989 549 eunuchi
1017 512 1355 569 numquam
1380 510 1703 569 progressa
1729 490 1933 560 cubili,

478 598 603 636 non
630 583 760 639 vita
787 582 1133 660 spondente
1162 581 1372 651 fidem,
1422 582 1533 641 sed
1558 584 1782 639 inertia
1809 589 2017 638 tutum
2191 587 2294 635 420

481 674 706 728 mentis
732 675 956 750 pignus
986 681 1140 731 erat.
1222 681 1463 730 secreta
1489 671 1740 730 monilia
1766 679 2034 740 servent,

479 769 733 820 ornatus
760 771 980 822 curent
1005 763 1221 841 Tyrios
1250 784 1265 822 ι
1316 784 1352 821 a
1378 762 1582 821 fronte
1609 762 1906 821 recedant

479 855 743 930 imperii.
822 861 1040 912 tenero
1068 859 1323 913 tractari
1350 863 1602 933 pectore
1631 857 1827 911 nescit

481 943 728 1020 publica
754 949 1065 1004 maiestas.
1146 966 1484 1023 numquam
1512 944 1612 1003 vel
1648 949 1713 1002 in
1743 964 2008 1022 aequore
2036 945 2295 1021 puppim

481 1035 743 1094 vidimus
772 1037 1035 1095 eunuchi
1062 1037 1233 1095 clavo
1261 1056 1480 1115 parere
1508 1040 1809 1114 magistri.
2193 1043 2297 1090 425

481 1146 592 1184 nos
621 1127 778 1186 adeo
805 1132 1011 1205 sperni
1036 1127 1246 1186 faciles
1275 1130 1297 1186 ?
1347 1128 1634 1205 orbisque
1661 1130 1867 1185 carina

480 1216 656 1275 vilior
681 1219 704 1276 ?
786 1238 1067 1277 auroram
1094 1239 1265 1289 sane,
1295 1239 1454 1296 quae
1482 1218 1632 1278 talia
1657 1217 1819 1276 ferre

481 1308 739 1385 gaudet,
769 1317 836 1366 et
863 1309 1153 1367 adsuetas
1180 1312 1439 1388 sceptris
1466 1308 1863 1366 muliebribus
1892 1307 2074 1364 urbes

480 1399 841 1475 possideant
867 1419 882 1470 ;
929 1401 1082 1478 quid
1106 1399 1451 1459 belliferam
1477 1400 1899 1458 communibus
1927 1406 2113 1455 urunt

486 1488 733 1547 Italiam
759 1490 1012 1548 maculis
1039 1495 1443 1568 nocituraque
1469 1491 1695 1568 probra
1721 1492 1947 1546 severis
2194 1495 2298 1544 430

482 1584 846 1639 ammiscent
871 1581 1111 1659 populis
1138 1582 1161 1639 ?
1241 1584 1570 1659 peregrina
1595 1579 1837 1659 piacula
1862 1578 2008 1636 forti

481 1670 792 1749 pellantur
817 1671 1001 1750 longe
1032 1672 1212 1731 Latio
1241 1693 1356 1730 nec
1384 1680 1662 1730 transeat
1690 1670 1880 1748 Alpes

482 1761 752 1821 dedecus
780 1782 796 1832 3
844 1766 909 1820 in
936 1762 1098 1833 soHS,
1127 1763 1348 1840 quibus
1378 1766 1612 1831 extitit,
1641 1761 1895 1820 haereat
1923 1763 2100 1817 arvis,

482 1854 710 1912 scribat
738 1853 954 1933 Halys,
983 1855 1210 1912 scribat
1235 1854 1440 1912 famae
1469 1861 1859 1931 contemptor
1887 1852 2154 1910 Orontes
2183 1872 2197 1908 t

483 1964 595 2023 per
621 1953 687 2004 te
713 1965 949 2024 perque
978 1954 1118 2005 tuos
1146 1946 1426 2005 obtestor
1453 1943 1649 2004 Roma
1676 1943 2040 2022 triumphos,
2195 1951 2300 2000 435

483 2040 720 2095 nesciat
747 2037 861 2095 hoc
888 2037 1171 2116 Thybris,
1198 2056 1537 2114 numquam
1563 2035 1958 2115 poscentibus
1987 2034 2131 2092 olim

485 2131 589 2204 qui
618 2128 766 2186 dare
796 2128 1089 2187 Dentatis
1118 2149 1309 2186 annos
1340 2129 1667 2205 Fabiisque
1696 2125 1956 2184 solebat,

488 2218 752 2276 Martius
783 2219 1046 2277 eunuchi
1074 2227 1324 2297 repetet
1352 2217 1638 2295 suffragia
1666 2236 1916 2294 campus
1944 2217 1966 2273 ?

485 2309 782 2367 Aemilios
809 2313 974 2368 inter
1001 2318 1468 2386 servatoresque
1498 2307 1781 2365 Camillos

484 2400 863 2479 Eutropius?
923 2405 1047 2459 iam
1069 2400 1480 2479 Chrysogonis
1504 2407 1634 2468 tua,
1657 2399 1868 2466 Brute,
1886 2404 2165 2475 potestas
2195 2405 2301 2453 440

483 2491 901 2570 Narcissisque
930 2492 1114 2550 datur
1139 2492 1162 2549 ?
1243 2499 1421 2548 natos
1449 2489 1563 2547 hoc
1592 2489 1821 2548 dedere
1848 2505 2087 2565 poenae

479 2582 713 2660 profuit
741 2591 807 2640 et
834 2586 1054 2640 misero
1082 2585 1281 2640 civem
1307 2599 1689 2659 praeponere
1716 2582 1879 2657 patri
1906 2579 1929 2635 ?

480 2673 595 2731 hoc
622 2673 772 2731 mihi
801 2672 1074 2731 Ianiculo
1100 2676 1316 2750 positis
1345 2672 1595 2729 Etruria
1622 2673 1837 2728 castris

478 2768 747 2842 quaesiit
775 2773 841 2822 et
867 2773 1115 2823 tantum
1141 2763 1326 2821 fluvio
1355 2761 1668 2820 Porsenna
1694 2769 1967 2818 remotus
1996 2760 2018 2816 ?

479 2854 596 2913 hoc
624 2858 851 2915 meruit
877 2854 975 2913 vel
1001 2863 1194 2932 ponte
1224 2852 1436 2911 Cocles
1464 2852 1563 2910 vel
1593 2851 1835 2909 Mucius
1861 2854 2005 2928 igne
2032 2850 2056 2906 ἓ
2197 2859 2305 2906 445

481 2945 812 3003 visceribus
839 2944 1066 3003 frustra
1094 2953 1333 3002 castum
1364 2942 1653 3001 Lucretia
1679 2941 1910 2998 ferrum

550 3142 570 3171 ¹
609 3142 898 3193 Notorious
927 3140 1200 3191 freedmen
1230 3140 1339 3190 and
1375 3140 1511 3191 tools
1545 3137 1891 3203 respectively
1915 3136 1976 3187 of
2005 3136 2158 3187 Sulla
2190 3138 2307 3188 and

484 3207 575 3258 the
602 3208 864 3271 Emperor
890 3205 1166 3257 Claudius,

490 3292 606 3349 170
