2511 3938
1177 331 1626 392 CLAUDIAN

504 486 817 546 Iustitiam
843 488 1099 566 diroque
1125 492 1291 566 prior
1316 492 1401 548 sic
1428 509 1533 548 ore
1557 489 1803 549 lacessit
1830 511 1846 551 z

501 609 543 638 ‘⁶
565 618 644 657 en
670 600 785 658 tibi
809 601 1009 677 prisca
1035 603 1209 677 quies
1233 609 1654 679 renovataque
1681 603 1925 661 saecula
1951 624 2177 674 rursuS,

506 719 579 770 ut
603 710 844 780 rebare,
871 714 1087 790 vigent
1111 712 1135 769 ?
1187 730 1267 769 en
1292 721 1502 772 nostra
1525 716 1810 791 potentia
1836 718 2019 773 cessit

505 843 621 882 nec
646 822 812 882 locus
841 832 939 882 est
965 843 1225 901 usquam
1253 824 1449 882 Furiis
1475 826 1498 883 P
1565 823 1684 882 huc
1709 823 1942 883 lumina
1968 824 2172 885 flecte.

507 935 753 1014 adspice
780 936 1110 995 barbaricis
1135 938 1382 995 iaceant
1407 945 1561 1015 quot
1586 939 1832 995 moenia
1857 936 2140 1007 flammiS,
2211 946 2317 996 360

509 1067 660 1126 quas
686 1046 838 1105 mihi
864 1046 1117 1106 Rufinus
1145 1055 1385 1126 strages
1412 1057 1837 1127 quantumque
1865 1051 2091 1107 cruoris

506 1161 807 1238 praebeat
835 1168 902 1219 et
929 1162 1175 1238 quantis
1203 1159 1533 1237 epulentur
1558 1160 1848 1219 caedibus
1875 1160 2076 1240 hydri.

506 1271 716 1349 linque
744 1269 1021 1330 homines
1048 1280 1403 1350 sortemque
1430 1291 1656 1342 meam,
1680 1280 1830 1350 pete
1860 1272 2062 1330 sidera
2087 1290 2103 1341 3
2151 1274 2316 1331 notis

509 1384 814 1443 Autumni
838 1392 905 1442 te
931 1383 1123 1442 redde
1148 1383 1370 1462 plagiS,
1397 1404 1520 1462 qua
1546 1387 1747 1461 vergit
1771 1386 1836 1441 in
1862 1382 2162 1443 Austrum

511 1493 778 1574 Signifer
803 1514 819 1565 ;
868 1498 1101 1554 aestivo
1128 1495 1308 1554 sedes
1334 1498 1534 1554 vicina
1562 1494 1755 1554 Leoni
2216 1503 2318 1552 365

510 1610 635 1665 iam
658 1608 901 1685 pridem
927 1605 1296 1685 gelidaeque
1323 1614 1545 1665 vacant
1571 1606 1833 1665 confinia
1857 1606 2105 1665 Librae.
2129 1667 2139 1674 ,

512 1727 703 1797 atque
729 1722 969 1777 utinam
993 1738 1107 1796 per
1131 1737 1361 1796 magna
1385 1721 1560 1796 sequi
1587 1737 1862 1777 convexa
1886 1717 2102 1777 liceret
2128 1718 2142 1777 !
2172 1715 2209 1737 ’⁹

590 1831 751 1888 Diva
775 1828 969 1888 refert
995 1849 1010 1888 ε
1060 1837 1098 1866 “
1123 1849 1247 1888 non
1273 1829 1531 1888 ulterius
1557 1829 1938 1888 bacchabere
1967 1830 2243 1889 demens.

512 1944 637 2001 iam
662 1961 893 2020 poenas
921 1950 1064 2001 tuus
1090 1944 1209 2000 iste
1238 1941 1435 2012 dabit,
1460 1944 1588 2000 iam
1614 1941 1861 2001 debitus
1890 1940 2051 2001 ultor

512 2057 796 2125 inminet,
825 2063 911 2124 et,
938 2063 1134 2113 terras
1162 2057 1268 2132 qui
1295 2074 1457 2113 nunc
1482 2057 1808 2132 ipsumque
1833 2050 2064 2132 fatigat
2218 2061 2320 2111 370

516 2165 791 2236 aethera,
818 2187 942 2225 non
967 2165 1071 2224 vili
1096 2169 1364 2224 moriens
1391 2165 1690 2224 condetur
1716 2164 1969 2223 harena.

512 2281 761 2356 iamque
790 2279 990 2346 aderit
1015 2277 1181 2337 laeto
1206 2280 1536 2356 promissus
1565 2276 1871 2335 Honorius
1899 2296 2051 2335 aevo

516 2410 631 2448 nec
657 2389 803 2449 forti
828 2392 1109 2468 genitore
1136 2392 1334 2447 minor
1360 2407 1476 2447 nec
1501 2386 1694 2446 fratre
1721 2406 1992 2458 coruscO‚

520 2505 624 2580 qui
651 2502 900 2580 subiget
928 2500 1172 2570 Medos,
1199 2503 1306 2577 qui
1332 2499 1582 2577 cuspide
1608 2506 1890 2577 proteret
1918 2498 2125 2558 IndoS.

519 2614 633 2672 sub
659 2615 807 2691 iuga
831 2616 1075 2670 venturi
1100 2632 1280 2691 reges
1306 2630 1322 2681 ;
1364 2610 1698 2669 calcabitur
1724 2630 1904 2688 asper
2224 2619 2327 2668 375

521 2723 731 2782 Phasis
761 2743 920 2802 equo
945 2732 1327 2801 pontemque
1352 2724 1488 2800 pati
1513 2727 1770 2799 cogetur
1796 2719 2056 2790 AraxeS‚

521 2845 716 2915 tuque
744 2835 924 2894 simul
948 2836 1235 2914 gravibus
1262 2833 1409 2892 ferri
1434 2832 1696 2912 religata
1722 2834 1957 2891 catenis

523 2948 833 3026 expellere
861 2948 961 3006 die
988 2945 1456 3023 debellatasque
1483 2944 1817 3003 draconum

524 3069 703 3119 tonsa
729 3079 932 3117 comas
958 3062 1081 3116 imo
1106 3056 1382 3116 barathri
1410 3055 1696 3115 claudere
1722 3073 1986 3112 recessu.

525 3181 662 3232 tum
688 3170 870 3230 tellus
897 3172 1233 3229 communis
1262 3172 1402 3238 erit,
1429 3175 1565 3226 tum
1588 3165 1785 3224 limite
1814 3164 1978 3223 nullo
2229 3175 2332 3226 380

529 3287 606 3338 52
