<?xml version="1.0" encoding="UTF-8"?>
<!DOCTYPE html PUBLIC "-//W3C//DTD XHTML 1.0 Transitional//EN"
    "http://www.w3.org/TR/xhtml1/DTD/xhtml1-transitional.dtd">
<html xmlns="http://www.w3.org/1999/xhtml" xml:lang="en" lang="en">
 <head>
  <title>
</title>
<meta http-equiv="Content-Type" content="text/html;charset=utf-8" />
  <meta name='ocr-system' content='tesseract 3.04.00' />
  <meta name='ocr-capabilities' content='ocr_page ocr_carea ocr_par ocr_line ocrx_word'/>
</head>
<body>
  <div class='ocr_page' id='page_1' title='image "./claudianvolume00claugoog_0132.png"; bbox 0 0 2511 3938; ppageno 0'>
   <div class='ocr_carea' id='block_1_1' title="bbox 1188 316 1634 377">
    <p class='ocr_par' dir='ltr' id='par_1_1' title="bbox 1188 316 1634 377">
     <span class='ocr_line' id='line_1_1' title="bbox 1188 316 1634 377; baseline -0.004 -1"><span class='ocrx_word' id='word_1_1' title='bbox 1188 316 1634 377; x_wconf 92' lang='lat' dir='ltr'><strong>CLAUDIAN</strong></span> 
     </span>
    </p>
   </div>
   <div class='ocr_carea' id='block_1_2' title="bbox 509 474 2321 3308">
    <p class='ocr_par' dir='ltr' id='par_1_2' title="bbox 509 474 2318 1550">
     <span class='ocr_line' id='line_1_2' title="bbox 588 474 2044 556; baseline -0.002 -18"><span class='ocrx_word' id='word_1_2' title='bbox 588 479 866 538; x_wconf 88' lang='lat' dir='ltr'><strong>Exitium</strong></span> <span class='ocrx_word' id='word_1_3' title='bbox 891 481 1016 537; x_wconf 92' lang='lat' dir='ltr'><strong>iam</strong></span> <span class='ocrx_word' id='word_1_4' title='bbox 1043 477 1239 537; x_wconf 88' lang='lat' dir='ltr'><strong>Roma</strong></span> <span class='ocrx_word' id='word_1_5' title='bbox 1265 480 1491 536; x_wconf 91' lang='lat' dir='ltr'><strong>timens</strong></span> <span class='ocrx_word' id='word_1_6' title='bbox 1521 485 1587 536; x_wconf 91' lang='lat' dir='ltr'><strong>et</strong></span> <span class='ocrx_word' id='word_1_7' title='bbox 1610 474 1775 536; x_wconf 88' lang='lat' dir='ltr'><strong>fessa</strong></span> <span class='ocrx_word' id='word_1_8' title='bbox 1800 480 2044 556; x_wconf 89' lang='lat' dir='ltr'><strong>negatis</strong></span> 
     </span>
     <span class='ocr_line' id='line_1_3' title="bbox 509 574 1942 656; baseline -0.001 -20"><span class='ocrx_word' id='word_1_9' title='bbox 509 575 789 656; x_wconf 84' lang='lat' dir='ltr'><strong>frugibus</strong></span> <span class='ocrx_word' id='word_1_10' title='bbox 817 577 898 636; x_wconf 89' lang='lat' dir='ltr'><strong>ad</strong></span> <span class='ocrx_word' id='word_1_11' title='bbox 922 576 1121 654; x_wconf 89' lang='lat' dir='ltr'><strong>rapidi</strong></span> <span class='ocrx_word' id='word_1_12' title='bbox 1143 575 1335 634; x_wconf 93' lang='lat' dir='ltr'><strong>limen</strong></span> <span class='ocrx_word' id='word_1_13' title='bbox 1360 576 1665 635; x_wconf 91' lang='lat' dir='ltr'><strong>tendebat</strong></span> <span class='ocrx_word' id='word_1_14' title='bbox 1692 574 1942 656; x_wconf 83' lang='lat' dir='ltr'>Olympi</span> 
     </span>
     <span class='ocr_line' id='line_1_4' title="bbox 511 673 1897 752; baseline -0.002 -17"><span class='ocrx_word' id='word_1_15' title='bbox 511 697 635 736; x_wconf 94' lang='lat' dir='ltr'><strong>non</strong></span> <span class='ocrx_word' id='word_1_16' title='bbox 662 675 840 734; x_wconf 87' lang='lat' dir='ltr'><strong>solito</strong></span> <span class='ocrx_word' id='word_1_17' title='bbox 866 674 1041 734; x_wconf 94' lang='lat' dir='ltr'><strong>vultu</strong></span> <span class='ocrx_word' id='word_1_18' title='bbox 1067 694 1183 734; x_wconf 89' lang='lat' dir='ltr'><strong>nec</strong></span> <span class='ocrx_word' id='word_1_19' title='bbox 1209 673 1406 752; x_wconf 87' lang='lat' dir='ltr'><strong>qualis</strong></span> <span class='ocrx_word' id='word_1_20' title='bbox 1431 678 1565 733; x_wconf 90' lang='lat' dir='ltr'><strong>iura</strong></span> <span class='ocrx_word' id='word_1_21' title='bbox 1591 675 1897 734; x_wconf 88' lang='lat' dir='ltr'><strong>Britannis</strong></span> 
     </span>
     <span class='ocr_line' id='line_1_5' title="bbox 511 773 2316 853; baseline -0.003 -18"><span class='ocrx_word' id='word_1_22' title='bbox 511 775 733 835; x_wconf 90' lang='lat' dir='ltr'><strong>dividit</strong></span> <span class='ocrx_word' id='word_1_23' title='bbox 760 784 869 834; x_wconf 86' lang='lat' dir='ltr'><strong>aut</strong></span> <span class='ocrx_word' id='word_1_24' title='bbox 895 775 1167 853; x_wconf 91' lang='lat' dir='ltr'><strong>trepidos</strong></span> <span class='ocrx_word' id='word_1_25' title='bbox 1194 778 1530 834; x_wconf 88' lang='lat' dir='ltr'><strong>summittit</strong></span> <span class='ocrx_word' id='word_1_26' title='bbox 1554 773 1819 834; x_wconf 81' lang='lat' dir='ltr'><strong>fascibus</strong></span> <span class='ocrx_word' id='word_1_27' title='bbox 1849 773 2052 833; x_wconf 76' lang='lat' dir='ltr'><strong>Indos,</strong></span> <span class='ocrx_word' id='word_1_28' title='bbox 2248 782 2316 830; x_wconf 89' lang='lat'><strong>20</strong></span> 
     </span>
     <span class='ocr_line' id='line_1_6' title="bbox 511 873 2036 952; baseline -0.001 -19"><span class='ocrx_word' id='word_1_29' title='bbox 511 895 631 935; x_wconf 90' lang='lat' dir='ltr'><strong>vox</strong></span> <span class='ocrx_word' id='word_1_30' title='bbox 657 878 862 934; x_wconf 90' lang='lat' dir='ltr'><strong>tenuis</strong></span> <span class='ocrx_word' id='word_1_31' title='bbox 889 874 1174 952; x_wconf 90' lang='lat' dir='ltr'><strong>tardique</strong></span> <span class='ocrx_word' id='word_1_32' title='bbox 1201 874 1428 952; x_wconf 89' lang='lat' dir='ltr'><strong>gradus</strong></span> <span class='ocrx_word' id='word_1_33' title='bbox 1455 873 1736 952; x_wconf 90' lang='lat' dir='ltr'><strong>oculique</strong></span> <span class='ocrx_word' id='word_1_34' title='bbox 1762 877 2036 932; x_wconf 90' lang='lat' dir='ltr'><strong>iacentes</strong></span> 
     </span>
     <span class='ocr_line' id='line_1_7' title="bbox 511 972 1886 1052; baseline -0.001 -19"><span class='ocrx_word' id='word_1_35' title='bbox 511 977 769 1033; x_wconf 90' lang='lat' dir='ltr'><strong>interius</strong></span> <span class='ocrx_word' id='word_1_36' title='bbox 795 992 811 1043; x_wconf 91' lang='lat'>;</span> <span class='ocrx_word' id='word_1_37' title='bbox 858 972 1076 1052; x_wconf 88' lang='lat' dir='ltr'><strong>fugere</strong></span> <span class='ocrx_word' id='word_1_38' title='bbox 1104 991 1304 1051; x_wconf 89' lang='lat' dir='ltr'><strong>genae</strong></span> <span class='ocrx_word' id='word_1_39' title='bbox 1332 991 1348 1042; x_wconf 90' lang='lat'>;</span> <span class='ocrx_word' id='word_1_40' title='bbox 1394 975 1602 1031; x_wconf 91' lang='lat' dir='ltr'><strong>ieiuna</strong></span> <span class='ocrx_word' id='word_1_41' title='bbox 1625 972 1886 1031; x_wconf 88' lang='lat' dir='ltr'><strong>lacertos</strong></span> 
     </span>
     <span class='ocr_line' id='line_1_8' title="bbox 513 1073 1951 1152; baseline -0.001 -20"><span class='ocrx_word' id='word_1_42' title='bbox 513 1074 727 1133; x_wconf 81' lang='lat' dir='ltr'><strong>exedit</strong></span> <span class='ocrx_word' id='word_1_43' title='bbox 752 1076 999 1132; x_wconf 88' lang='lat' dir='ltr'><strong>macies.</strong></span> <span class='ocrx_word' id='word_1_44' title='bbox 1079 1077 1305 1132; x_wconf 91' lang='lat' dir='ltr'><strong>umeris</strong></span> <span class='ocrx_word' id='word_1_45' title='bbox 1331 1075 1434 1131; x_wconf 91' lang='lat' dir='ltr'><strong>vix</strong></span> <span class='ocrx_word' id='word_1_46' title='bbox 1461 1073 1726 1132; x_wconf 82' lang='lat' dir='ltr'><strong>sustinet</strong></span> <span class='ocrx_word' id='word_1_47' title='bbox 1751 1075 1951 1152; x_wconf 82' lang='lat' dir='ltr'>aegris</span> 
     </span>
     <span class='ocr_line' id='line_1_9' title="bbox 512 1171 1984 1253; baseline -0.001 -21"><span class='ocrx_word' id='word_1_48' title='bbox 512 1172 900 1253; x_wconf 84' lang='lat' dir='ltr'><strong>squalentem</strong></span> <span class='ocrx_word' id='word_1_49' title='bbox 926 1171 1191 1251; x_wconf 92' lang='lat' dir='ltr'><strong>clipeum</strong></span> <span class='ocrx_word' id='word_1_50' title='bbox 1217 1190 1234 1242; x_wconf 85' lang='lat'><em>3</em></span> <span class='ocrx_word' id='word_1_51' title='bbox 1281 1171 1493 1230; x_wconf 91' lang='lat' dir='ltr'><strong>laxata</strong></span> <span class='ocrx_word' id='word_1_52' title='bbox 1518 1172 1751 1231; x_wconf 83' lang='lat' dir='ltr'><strong>casside</strong></span> <span class='ocrx_word' id='word_1_53' title='bbox 1776 1171 1984 1250; x_wconf 83' lang='lat' dir='ltr'><strong>prodit</strong></span> 
     </span>
     <span class='ocr_line' id='line_1_10' title="bbox 510 1270 2318 1349; baseline -0.003 -17"><span class='ocrx_word' id='word_1_54' title='bbox 510 1275 802 1332; x_wconf 84' lang='lat' dir='ltr'><strong>canitiem</strong></span> <span class='ocrx_word' id='word_1_55' title='bbox 826 1270 1199 1349; x_wconf 87' lang='lat' dir='ltr'><strong>plenamque</strong></span> <span class='ocrx_word' id='word_1_56' title='bbox 1224 1270 1420 1330; x_wconf 90' lang='lat' dir='ltr'><strong>trahit</strong></span> <span class='ocrx_word' id='word_1_57' title='bbox 1443 1271 1738 1349; x_wconf 86' lang='lat' dir='ltr'><strong>rubiginis</strong></span> <span class='ocrx_word' id='word_1_58' title='bbox 1765 1270 2028 1329; x_wconf 84' lang='lat' dir='ltr'><strong>hastam.</strong></span> <span class='ocrx_word' id='word_1_59' title='bbox 2250 1278 2318 1327; x_wconf 85' lang='lat'><strong>25</strong></span> 
     </span>
     <span class='ocr_line' id='line_1_11' title="bbox 515 1369 2104 1449; baseline -0.002 -19"><span class='ocrx_word' id='word_1_60' title='bbox 515 1374 727 1449; x_wconf 86' lang='lat' dir='ltr'><strong>attigit</strong></span> <span class='ocrx_word' id='word_1_61' title='bbox 753 1379 824 1429; x_wconf 88' lang='lat' dir='ltr'><strong>ut</strong></span> <span class='ocrx_word' id='word_1_62' title='bbox 850 1371 1107 1430; x_wconf 87' lang='lat' dir='ltr'><strong>tandem</strong></span> <span class='ocrx_word' id='word_1_63' title='bbox 1133 1369 1372 1428; x_wconf 92' lang='lat' dir='ltr'><strong>caelum</strong></span> <span class='ocrx_word' id='word_1_64' title='bbox 1398 1370 1782 1449; x_wconf 87' lang='lat' dir='ltr'><strong>genibusque</strong></span> <span class='ocrx_word' id='word_1_65' title='bbox 1809 1369 2104 1429; x_wconf 87' lang='lat' dir='ltr'><strong>Tonantis</strong></span> 
     </span>
     <span class='ocr_line' id='line_1_12' title="bbox 511 1467 1939 1550; baseline -0.003 -21"><span class='ocrx_word' id='word_1_66' title='bbox 511 1471 858 1549; x_wconf 87' lang='lat' dir='ltr'><strong>procubuit,</strong></span> <span class='ocrx_word' id='word_1_67' title='bbox 885 1468 1042 1528; x_wconf 90' lang='lat' dir='ltr'><strong>tales</strong></span> <span class='ocrx_word' id='word_1_68' title='bbox 1068 1468 1305 1528; x_wconf 89' lang='lat' dir='ltr'><strong>orditur</strong></span> <span class='ocrx_word' id='word_1_69' title='bbox 1330 1477 1570 1550; x_wconf 86' lang='lat' dir='ltr'><strong>maesta</strong></span> <span class='ocrx_word' id='word_1_70' title='bbox 1597 1467 1897 1546; x_wconf 89' lang='lat' dir='ltr'><strong>querellas</strong></span> <span class='ocrx_word' id='word_1_71' title='bbox 1926 1488 1939 1526; x_wconf 90' lang='lat'><strong>:</strong></span> 
     </span>
    </p>

    <p class='ocr_par' dir='ltr' id='par_1_3' title="bbox 509 1568 2321 3134">
     <span class='ocr_line' id='line_1_13' title="bbox 590 1568 2083 1637; baseline -0.001 -10"><span class='ocrx_word' id='word_1_72' title='bbox 590 1579 629 1606; x_wconf 88' lang='lat'>“</span> <span class='ocrx_word' id='word_1_73' title='bbox 655 1568 717 1627; x_wconf 90' lang='lat' dir='ltr'><strong>Si</strong></span> <span class='ocrx_word' id='word_1_74' title='bbox 744 1589 885 1627; x_wconf 91' lang='lat' dir='ltr'><strong>mea</strong></span> <span class='ocrx_word' id='word_1_75' title='bbox 911 1571 1209 1627; x_wconf 91' lang='lat' dir='ltr'><strong>mansuris</strong></span> <span class='ocrx_word' id='word_1_76' title='bbox 1237 1576 1599 1629; x_wconf 87' lang='lat' dir='ltr'><strong>meruerunt</strong></span> <span class='ocrx_word' id='word_1_77' title='bbox 1624 1571 1869 1626; x_wconf 91' lang='lat' dir='ltr'><strong>moenia</strong></span> <span class='ocrx_word' id='word_1_78' title='bbox 1894 1570 2083 1637; x_wconf 87' lang='lat' dir='ltr'><strong>nasci,</strong></span> 
     </span>
     <span class='ocr_line' id='line_1_14' title="bbox 513 1666 1958 1746; baseline -0.001 -19"><span class='ocrx_word' id='word_1_79' title='bbox 513 1669 816 1746; x_wconf 87' lang='lat' dir='ltr'><strong>Iuppiter,</strong></span> <span class='ocrx_word' id='word_1_80' title='bbox 843 1671 1133 1746; x_wconf 84' lang='lat' dir='ltr'><strong>auguriiS,</strong></span> <span class='ocrx_word' id='word_1_81' title='bbox 1158 1671 1209 1725; x_wconf 91' lang='lat' dir='ltr'><strong>si</strong></span> <span class='ocrx_word' id='word_1_82' title='bbox 1234 1675 1406 1725; x_wconf 90' lang='lat' dir='ltr'><strong>stant</strong></span> <span class='ocrx_word' id='word_1_83' title='bbox 1430 1671 1667 1726; x_wconf 90' lang='lat' dir='ltr'><strong>inmota</strong></span> <span class='ocrx_word' id='word_1_84' title='bbox 1692 1666 1958 1746; x_wconf 87' lang='lat' dir='ltr'><strong>Sibyllae</strong></span> 
     </span>
     <span class='ocr_line' id='line_1_15' title="bbox 511 1766 2313 1845; baseline -0.001 -19"><span class='ocrx_word' id='word_1_85' title='bbox 511 1771 802 1837; x_wconf 87' lang='lat' dir='ltr'><strong>carmina,</strong></span> <span class='ocrx_word' id='word_1_86' title='bbox 828 1766 1119 1845; x_wconf 90' lang='lat' dir='ltr'><strong>Tarpeias</strong></span> <span class='ocrx_word' id='word_1_87' title='bbox 1147 1770 1196 1824; x_wconf 90' lang='lat' dir='ltr'><strong>si</strong></span> <span class='ocrx_word' id='word_1_88' title='bbox 1221 1766 1489 1825; x_wconf 91' lang='lat' dir='ltr'><strong>necdum</strong></span> <span class='ocrx_word' id='word_1_89' title='bbox 1513 1770 1748 1845; x_wconf 90' lang='lat' dir='ltr'><strong>respuis</strong></span> <span class='ocrx_word' id='word_1_90' title='bbox 1776 1787 1945 1825; x_wconf 90' lang='lat' dir='ltr'><strong>arces</strong></span> <span class='ocrx_word' id='word_1_91' title='bbox 1973 1787 1987 1826; x_wconf 76' lang='lat' dir='ltr'>t</span> <span class='ocrx_word' id='word_1_92' title='bbox 2246 1775 2313 1824; x_wconf 88' lang='grc'><strong>30</strong></span> 
     </span>
     <span class='ocr_line' id='line_1_16' title="bbox 514 1864 1946 1944; baseline -0.001 -18"><span class='ocrx_word' id='word_1_93' title='bbox 514 1867 773 1926; x_wconf 90' lang='lat' dir='ltr'><strong>advenio</strong></span> <span class='ocrx_word' id='word_1_94' title='bbox 800 1864 1082 1944; x_wconf 87' lang='lat' dir='ltr'><strong>supplex,</strong></span> <span class='ocrx_word' id='word_1_95' title='bbox 1107 1886 1238 1924; x_wconf 87' lang='lat' dir='ltr'><strong>non·</strong></span> <span class='ocrx_word' id='word_1_96' title='bbox 1259 1874 1332 1924; x_wconf 87' lang='lat' dir='ltr'><strong>ut</strong></span> <span class='ocrx_word' id='word_1_97' title='bbox 1356 1866 1670 1944; x_wconf 87' lang='lat' dir='ltr'><strong>proculcet</strong></span> <span class='ocrx_word' id='word_1_98' title='bbox 1696 1867 1946 1925; x_wconf 86' lang='lat' dir='ltr'><strong>Araxen</strong></span> 
     </span>
     <span class='ocr_line' id='line_1_17' title="bbox 509 1964 2250 2045; baseline 0 -19"><span class='ocrx_word' id='word_1_99' title='bbox 509 1964 720 2027; x_wconf 88' lang='lat' dir='ltr'><strong>consul</strong></span> <span class='ocrx_word' id='word_1_100' title='bbox 746 1985 932 2024; x_wconf 88' lang='lat' dir='ltr'><strong>ovans</strong></span> <span class='ocrx_word' id='word_1_101' title='bbox 958 1973 1285 2024; x_wconf 89' lang='lat' dir='ltr'><strong>nostraeve</strong></span> <span class='ocrx_word' id='word_1_102' title='bbox 1310 1975 1598 2043; x_wconf 87' lang='lat' dir='ltr'><strong>premant</strong></span> <span class='ocrx_word' id='word_1_103' title='bbox 1620 1965 1982 2045; x_wconf 87' lang='lat' dir='ltr'><strong>pharetrata</strong></span> <span class='ocrx_word' id='word_1_104' title='bbox 2007 1987 2250 2026; x_wconf 90' lang='lat' dir='ltr'><strong>secures</strong></span> 
     </span>
     <span class='ocr_line' id='line_1_18' title="bbox 510 2063 2012 2144; baseline -0.001 -18"><span class='ocrx_word' id='word_1_105' title='bbox 510 2065 684 2135; x_wconf 89' lang='lat' dir='ltr'><strong>Susa,</strong></span> <span class='ocrx_word' id='word_1_106' title='bbox 710 2084 826 2122; x_wconf 94' lang='lat' dir='ltr'><strong>nec</strong></span> <span class='ocrx_word' id='word_1_107' title='bbox 852 2073 924 2124; x_wconf 87' lang='lat' dir='ltr'><strong>ut</strong></span> <span class='ocrx_word' id='word_1_108' title='bbox 951 2063 1172 2123; x_wconf 91' lang='lat' dir='ltr'><strong>Rubris</strong></span> <span class='ocrx_word' id='word_1_109' title='bbox 1200 2064 1435 2142; x_wconf 91' lang='lat' dir='ltr'><strong>aquilas</strong></span> <span class='ocrx_word' id='word_1_110' title='bbox 1463 2066 1722 2144; x_wconf 91' lang='lat' dir='ltr'><strong>figamus</strong></span> <span class='ocrx_word' id='word_1_111' title='bbox 1748 2066 2012 2125; x_wconf 86' lang='lat' dir='ltr'><strong>harenis.</strong></span> 
     </span>
     <span class='ocr_line' id='line_1_19' title="bbox 510 2163 2242 2243; baseline 0.001 -20"><span class='ocrx_word' id='word_1_112' title='bbox 510 2164 665 2223; x_wconf 92' lang='lat' dir='ltr'><strong>haec</strong></span> <span class='ocrx_word' id='word_1_113' title='bbox 690 2164 887 2233; x_wconf 85' lang='lat' dir='ltr'><strong>nobis,</strong></span> <span class='ocrx_word' id='word_1_114' title='bbox 914 2163 1067 2222; x_wconf 93' lang='lat' dir='ltr'><strong>haec</strong></span> <span class='ocrx_word' id='word_1_115' title='bbox 1095 2172 1242 2222; x_wconf 89' lang='lat' dir='ltr'><strong>ante</strong></span> <span class='ocrx_word' id='word_1_116' title='bbox 1271 2164 1462 2224; x_wconf 89' lang='lat' dir='ltr'><strong>dabas</strong></span> <span class='ocrx_word' id='word_1_117' title='bbox 1489 2183 1504 2234; x_wconf 91' lang='lat'>;</span> <span class='ocrx_word' id='word_1_118' title='bbox 1551 2185 1715 2224; x_wconf 93' lang='lat' dir='ltr'><strong>nunc</strong></span> <span class='ocrx_word' id='word_1_119' title='bbox 1739 2165 1968 2243; x_wconf 90' lang='lat' dir='ltr'><strong>pabula</strong></span> <span class='ocrx_word' id='word_1_120' title='bbox 1994 2174 2242 2225; x_wconf 92' lang='lat' dir='ltr'><strong>tantum</strong></span> 
     </span>
     <span class='ocr_line' id='line_1_20' title="bbox 510 2263 2320 2344; baseline 0 -21"><span class='ocrx_word' id='word_1_121' title='bbox 510 2263 708 2323; x_wconf 89' lang='lat' dir='ltr'><strong>Roma</strong></span> <span class='ocrx_word' id='word_1_122' title='bbox 724 2282 959 2341; x_wconf 89' lang='lat' dir='ltr'><strong>precor.</strong></span> <span class='ocrx_word' id='word_1_123' title='bbox 1018 2267 1308 2322; x_wconf 90' lang='lat' dir='ltr'><strong>miserere</strong></span> <span class='ocrx_word' id='word_1_124' title='bbox 1328 2272 1497 2334; x_wconf 88' lang='lat' dir='ltr'><strong>tuae,</strong></span> <span class='ocrx_word' id='word_1_125' title='bbox 1514 2272 1697 2342; x_wconf 87' lang='lat' dir='ltr'><strong>pater</strong></span> <span class='ocrx_word' id='word_1_126' title='bbox 1715 2268 1971 2342; x_wconf 89' lang='lat' dir='ltr'><strong>optime,</strong></span> <span class='ocrx_word' id='word_1_127' title='bbox 1990 2268 2217 2344; x_wconf 82' lang='lat' dir='ltr'><strong>gentiS‚</strong></span> <span class='ocrx_word' id='word_1_128' title='bbox 2253 2272 2320 2323; x_wconf 82' lang='lat'><strong>35</strong></span> 
     </span>
     <span class='ocr_line' id='line_1_21' title="bbox 513 2360 2045 2422; baseline -0.001 0"><span class='ocrx_word' id='word_1_129' title='bbox 513 2372 859 2422; x_wconf 89' lang='lat' dir='ltr'><strong>extremam</strong></span> <span class='ocrx_word' id='word_1_130' title='bbox 886 2361 1155 2422; x_wconf 87' lang='lat' dir='ltr'><strong>defende</strong></span> <span class='ocrx_word' id='word_1_131' title='bbox 1181 2360 1432 2421; x_wconf 89' lang='lat' dir='ltr'><strong>famem.</strong></span> <span class='ocrx_word' id='word_1_132' title='bbox 1512 2366 1865 2422; x_wconf 86' lang='lat' dir='ltr'><strong>satiavimus</strong></span> <span class='ocrx_word' id='word_1_133' title='bbox 1891 2367 2045 2422; x_wconf 87' lang='lat' dir='ltr'><strong>iram</strong></span> 
     </span>
     <span class='ocr_line' id='line_1_22' title="bbox 512 2460 1993 2541; baseline 0.001 -21"><span class='ocrx_word' id='word_1_134' title='bbox 512 2466 563 2520; x_wconf 91' lang='lat' dir='ltr'><strong>si</strong></span> <span class='ocrx_word' id='word_1_135' title='bbox 590 2482 714 2541; x_wconf 89' lang='lat' dir='ltr'><strong>qua</strong></span> <span class='ocrx_word' id='word_1_136' title='bbox 738 2460 860 2520; x_wconf 89' lang='lat' dir='ltr'><strong>fuit</strong></span> <span class='ocrx_word' id='word_1_137' title='bbox 884 2481 900 2532; x_wconf 85' lang='lat'><em>3</em></span> <span class='ocrx_word' id='word_1_138' title='bbox 948 2461 1219 2540; x_wconf 88' lang='lat' dir='ltr'><strong>lugenda</strong></span> <span class='ocrx_word' id='word_1_139' title='bbox 1246 2460 1424 2520; x_wconf 90' lang='lat' dir='ltr'><strong>Getis</strong></span> <span class='ocrx_word' id='word_1_140' title='bbox 1452 2471 1519 2521; x_wconf 87' lang='lat' dir='ltr'><strong>et</strong></span> <span class='ocrx_word' id='word_1_141' title='bbox 1544 2462 1751 2522; x_wconf 91' lang='lat' dir='ltr'><strong>flenda</strong></span> <span class='ocrx_word' id='word_1_142' title='bbox 1776 2461 1993 2522; x_wconf 91' lang='lat' dir='ltr'><strong>Suebis</strong></span> 
     </span>
     <span class='ocr_line' id='line_1_23' title="bbox 512 2561 2047 2640; baseline 0.001 -18"><span class='ocrx_word' id='word_1_143' title='bbox 512 2562 824 2622; x_wconf 88' lang='lat' dir='ltr'><strong>hausimus</strong></span> <span class='ocrx_word' id='word_1_144' title='bbox 851 2579 867 2631; x_wconf 92' lang='lat'>;</span> <span class='ocrx_word' id='word_1_145' title='bbox 913 2565 1048 2640; x_wconf 90' lang='lat' dir='ltr'><strong>ipsa</strong></span> <span class='ocrx_word' id='word_1_146' title='bbox 1073 2581 1243 2620; x_wconf 91' lang='lat' dir='ltr'><strong>meos</strong></span> <span class='ocrx_word' id='word_1_147' title='bbox 1271 2561 1549 2621; x_wconf 92' lang='lat' dir='ltr'><strong>horreret</strong></span> <span class='ocrx_word' id='word_1_148' title='bbox 1577 2561 1828 2622; x_wconf 86' lang='lat' dir='ltr'><strong>Parthia</strong></span> <span class='ocrx_word' id='word_1_149' title='bbox 1853 2585 2047 2623; x_wconf 79' lang='lat' dir='ltr'><strong>casus,</strong></span> 
     </span>
     <span class='ocr_line' id='line_1_24' title="bbox 513 2657 2111 2742; baseline 0.001 -21"><span class='ocrx_word' id='word_1_150' title='bbox 513 2662 662 2740; x_wconf 89' lang='lat' dir='ltr'><strong>quid</strong></span> <span class='ocrx_word' id='word_1_151' title='bbox 687 2659 953 2719; x_wconf 87' lang='lat' dir='ltr'><strong>referam</strong></span> <span class='ocrx_word' id='word_1_152' title='bbox 978 2661 1251 2719; x_wconf 91' lang='lat' dir='ltr'><strong>morbive</strong></span> <span class='ocrx_word' id='word_1_153' title='bbox 1277 2661 1446 2720; x_wconf 91' lang='lat' dir='ltr'><strong>luem</strong></span> <span class='ocrx_word' id='word_1_154' title='bbox 1472 2657 1817 2722; x_wconf 85' lang='lat' dir='ltr'><strong>tumulosve</strong></span> <span class='ocrx_word' id='word_1_155' title='bbox 1843 2664 2111 2742; x_wconf 85' lang='lat' dir='ltr'><strong>repletos</strong></span> 
     </span>
     <span class='ocr_line' id='line_1_25' title="bbox 513 2760 2321 2839; baseline 0.001 -20"><span class='ocrx_word' id='word_1_156' title='bbox 513 2761 821 2839; x_wconf 82' lang='lat' dir='ltr'><strong>stragibus</strong></span> <span class='ocrx_word' id='word_1_157' title='bbox 850 2768 917 2818; x_wconf 88' lang='lat' dir='ltr'><strong>et</strong></span> <span class='ocrx_word' id='word_1_158' title='bbox 941 2760 1184 2818; x_wconf 91' lang='lat' dir='ltr'><strong>crebras</strong></span> <span class='ocrx_word' id='word_1_159' title='bbox 1211 2769 1499 2838; x_wconf 92' lang='lat' dir='ltr'><strong>corrupto</strong></span> <span class='ocrx_word' id='word_1_160' title='bbox 1525 2761 1724 2820; x_wconf 87' lang='lat' dir='ltr'><strong>sidere</strong></span> <span class='ocrx_word' id='word_1_161' title='bbox 1751 2771 1980 2821; x_wconf 87' lang='lat' dir='ltr'><strong>mortes</strong></span> <span class='ocrx_word' id='word_1_162' title='bbox 2006 2765 2030 2821; x_wconf 88' lang='lat'>?</span> <span class='ocrx_word' id='word_1_163' title='bbox 2251 2771 2321 2821; x_wconf 87' lang='grc'><strong>40</strong></span> 
     </span>
     <span class='ocr_line' id='line_1_26' title="bbox 516 2858 2220 2938; baseline 0.002 -20"><span class='ocrx_word' id='word_1_164' title='bbox 516 2868 625 2918; x_wconf 93' lang='lat' dir='ltr'><strong>aut</strong></span> <span class='ocrx_word' id='word_1_165' title='bbox 650 2858 902 2916; x_wconf 92' lang='lat' dir='ltr'><strong>fluvium</strong></span> <span class='ocrx_word' id='word_1_166' title='bbox 928 2877 1041 2934; x_wconf 90' lang='lat' dir='ltr'><strong>per</strong></span> <span class='ocrx_word' id='word_1_167' title='bbox 1066 2865 1238 2916; x_wconf 87' lang='lat' dir='ltr'><strong>tecta</strong></span> <span class='ocrx_word' id='word_1_168' title='bbox 1263 2878 1490 2936; x_wconf 88' lang='lat' dir='ltr'><strong>vagum</strong></span> <span class='ocrx_word' id='word_1_169' title='bbox 1516 2863 1890 2938; x_wconf 91' lang='lat' dir='ltr'><strong>summisque</strong></span> <span class='ocrx_word' id='word_1_170' title='bbox 1917 2864 2220 2921; x_wconf 90' lang='lat' dir='ltr'><strong>minatum</strong></span> 
     </span>
     <span class='ocr_line' id='line_1_27' title="bbox 513 2958 1957 3035; baseline 0.001 -18"><span class='ocrx_word' id='word_1_171' title='bbox 513 2958 764 3019; x_wconf 92' lang='lat' dir='ltr'><strong>collibus</strong></span> <span class='ocrx_word' id='word_1_172' title='bbox 791 2959 814 3015; x_wconf 92' lang='lat'>?</span> <span class='ocrx_word' id='word_1_173' title='bbox 879 2959 1166 3035; x_wconf 88' lang='lat' dir='ltr'><strong>ingentes</strong></span> <span class='ocrx_word' id='word_1_174' title='bbox 1192 2961 1332 3015; x_wconf 90' lang='lat' dir='ltr'><strong>vexi</strong></span> <span class='ocrx_word' id='word_1_175' title='bbox 1361 2977 1698 3016; x_wconf 90' lang='lat' dir='ltr'><strong>summersa</strong></span> <span class='ocrx_word' id='word_1_176' title='bbox 1723 2964 1957 3019; x_wconf 90' lang='lat' dir='ltr'><strong>carinas</strong></span> 
     </span>
     <span class='ocr_line' id='line_1_28' title="bbox 513 3055 2022 3134; baseline 0.001 -17"><span class='ocrx_word' id='word_1_177' title='bbox 513 3075 945 3134; x_wconf 92' lang='lat' dir='ltr'><strong>remorumque</strong></span> <span class='ocrx_word' id='word_1_178' title='bbox 972 3076 1150 3115; x_wconf 90' lang='lat' dir='ltr'><strong>sonos</strong></span> <span class='ocrx_word' id='word_1_179' title='bbox 1179 3065 1246 3115; x_wconf 94' lang='lat' dir='ltr'><strong>et</strong></span> <span class='ocrx_word' id='word_1_180' title='bbox 1274 3055 1544 3132; x_wconf 85' lang='lat' dir='ltr'><strong>Pyrrhae</strong></span> <span class='ocrx_word' id='word_1_181' title='bbox 1571 3057 1815 3117; x_wconf 86' lang='lat' dir='ltr'><strong>saecula</strong></span> <span class='ocrx_word' id='word_1_182' title='bbox 1840 3064 2022 3118; x_wconf 92' lang='lat' dir='ltr'><strong>sensi.</strong></span> 
     </span>
    </p>

    <p class='ocr_par' dir='ltr' id='par_1_4' title="bbox 521 3154 2132 3308">
     <span class='ocr_line' id='line_1_29' title="bbox 592 3154 2132 3236; baseline 0.005 -23"><span class='ocrx_word' id='word_1_183' title='bbox 592 3164 629 3192; x_wconf 88' lang='lat'><strong>“</strong></span> <span class='ocrx_word' id='word_1_184' title='bbox 656 3156 733 3213; x_wconf 93' lang='lat' dir='ltr'><strong>Ei</strong></span> <span class='ocrx_word' id='word_1_185' title='bbox 758 3154 929 3225; x_wconf 91' lang='lat' dir='ltr'><strong>mihi,</strong></span> <span class='ocrx_word' id='word_1_186' title='bbox 958 3174 1079 3232; x_wconf 93' lang='lat' dir='ltr'><strong>quo</strong></span> <span class='ocrx_word' id='word_1_187' title='bbox 1109 3154 1329 3213; x_wconf 88' lang='lat' dir='ltr'><strong>Latiae</strong></span> <span class='ocrx_word' id='word_1_188' title='bbox 1355 3158 1513 3214; x_wconf 92' lang='lat' dir='ltr'><strong>vires</strong></span> <span class='ocrx_word' id='word_1_189' title='bbox 1540 3156 1829 3236; x_wconf 90' lang='lat' dir='ltr'><strong>urbisque</strong></span> <span class='ocrx_word' id='word_1_190' title='bbox 1854 3167 2132 3236; x_wconf 92' lang='lat' dir='ltr'><strong>potestas</strong></span> 
     </span>
     <span class='ocr_line' id='line_1_30' title="bbox 521 3256 634 3308; baseline 0 0"><span class='ocrx_word' id='word_1_191' title='bbox 521 3256 634 3308; x_wconf 89' lang='lat'><strong>100</strong></span> 
     </span>
    </p>
   </div>
  </div>
 </body>
</html>
