2511 3938
716 903 807 962 IN
860 903 1266 963 RUFINUM
1322 903 1573 962 LIBER
1623 902 1946 963 PRIMUS

960 1077 1241 1130 1NCIP1T
1280 1076 1708 1161 PRAEFATIO

1274 1225 1391 1305 (ΙΙ)

431 1384 722 1445 Phoebeo
749 1386 1017 1445 domitus
1045 1384 1292 1465 Python
1319 1406 1458 1444 cum
1485 1386 1717 1445 decidit
1743 1406 1886 1444 arcu

510 1480 910 1558 membraque
938 1479 1227 1538 Cirrhaeo
1253 1479 1418 1538 fudit
1444 1478 1665 1537 anhela
1689 1482 1856 1558 iugc,
1952 1493 1955 1497 ’

435 1565 540 1651 qui
567 1577 742 1651 spiris
768 1582 1016 1652 tegeret
1042 1582 1306 1644 monteS‚
1332 1573 1607 1632 hauriret
1633 1573 1807 1632 hiatu

512 1670 784 1741 flumina,
812 1673 1162 1749 sanguineis
1187 1679 1479 1749 tangeret
1506 1679 1672 1729 astra
1695 1671 1853 1728 iubis
1880 1688 1895 1728 t

436 1768 559 1822 iam
585 1763 741 1822 liber
768 1762 1068 1822 Parnasus
1097 1772 1232 1822 erat
1257 1783 1546 1842 nexuque
1574 1764 1773 1822 soluto
2208 1773 2242 1821 5

515 1866 805 1936 coeperat
832 1867 1040 1917 erecta
1065 1878 1317 1936 surgere
1342 1857 1560 1917 fronde
1586 1877 1802 1915 nemus

437 1974 890 2032 concussaeque
917 1954 1023 2013 diu
1050 1956 1331 2032 spatiosis
1357 1953 1655 2012 tractibus
1682 1941 1814 2012 orni

515 2068 757 2109 securas
783 2051 984 2107 ventis
1012 2047 1359 2125 explicuere
1387 2067 1590 2105 comas

440 2152 507 2202 et
534 2146 638 2221 qui
663 2146 912 2221 vipereo
939 2145 1249 2220 spumavit
1273 2161 1460 2219 saepe
1488 2161 1725 2200 veneno

518 2238 811 2317 Cephisos
838 2239 1046 2297 nitidis
1072 2239 1280 2316 purior
1304 2239 1438 2296 ibat
1465 2241 1658 2316 aquis,
2178 2245 2241 2296 10

442 2337 637 2392 omnis
667 2341 706 2369 “
728 2336 788 2391 io
818 2332 1025 2390 Paean
1052 2329 1089 2352 ’³
1114 2334 1286 2409 regio
1314 2340 1493 2389 sonat
1519 2349 1534 2400 ;
1584 2334 1788 2389 omnia
1817 2329 2135 2389 Phoebum

517 2447 659 2484 rura
685 2434 916 2484 canunt
941 2444 956 2494 3
1006 2424 1281 2503 tripodas
1308 2424 1544 2502 plenior
1572 2444 1719 2482 aura
1747 2433 1932 2494 rotat,

443 2523 781 2599 auditoque
806 2519 1018 2598 procul
1047 2519 1370 2578 Musarum
1396 2522 1663 2577 carmine
1691 2517 1850 2577 dulci
2471 2545 2485 2630 Ὗ

522 2616 601 2675 ad
625 2614 937 2673 Themidis
963 2618 1193 2674 coeunt
1220 2621 1400 2671 antra
1426 2632 1638 2670 severa
1665 2612 1786 2671 dei.

445 2804 624 2863 Nunc
651 2803 769 2863 alio
796 2802 1025 2872 domini
1052 2801 1192 2860 telis
1221 2800 1504 2880 Pythone
1531 2809 1856 2879 perempto
2183 2810 2244 2858 15

521 2900 808 2957 convenit
834 2895 914 2954 ad
938 2905 1212 2955 nostram
1239 2915 1410 2953 sacra
1436 2903 1683 2953 caterva
1708 2895 1925 2975 lyram,
2471 2859 2484 2954 'j

446 2995 551 3070 qui
578 2989 863 3050 stabilem
890 3008 1136 3048 servans
1164 2990 1462 3067 Augustis
1487 2987 1777 3047 fratribus
1805 2989 2018 3047 orbem
2469 2975 2485 3070 l,

521 3087 757 3143 iustitia
781 3102 1022 3162 pacem,
1047 3082 1276 3141 viribus
1304 3102 1474 3139 arma
1498 3085 1681 3160 regit.
1738 3080 1743 3088 ’
2470 3073 2480 3110 ⁸

448 3186 524 3238 24
