2511 3938
1069 895 1159 954 IN
1199 895 1710 955 EUTRoPIUM

1227 1054 1477 1112 LIBER
1520 1054 1548 1112 1

1253 1212 1520 1291 (XVIII)

563 1370 890 1429 Semiferos
917 1379 1130 1449 partus
1158 1370 1621 1448 metuendaque
1648 1374 1906 1448 pignora
1932 1375 2117 1428 matri

484 1459 804 1516 moenibus
834 1466 900 1515 et
925 1457 1142 1515 mediis
1171 1457 1452 1515 auditum
1478 1465 1661 1514 nocte
1687 1455 1970 1533 luporum

486 1563 759 1602 murmur
787 1552 853 1601 et
880 1547 1146 1613 attonito
1173 1543 1443 1621 pecudes
1469 1551 1717 1621 pastore
1743 1542 1978 1602 locutas

487 1638 554 1687 et
579 1629 854 1707 lapidum
881 1631 1062 1688 duras
1089 1629 1323 1687 hiemes
1351 1630 1684 1707 nimboque
1711 1632 2013 1686 minacem

487 1719 825 1793 sanguineo
850 1716 1128 1773 rubuisse
1158 1715 1370 1773 Iovem
1395 1723 1743 1793 puteosque
1771 1735 1983 1773 cruore
2261 1724 2294 1770 5

486 1810 757 1859 mutatos
784 1805 1066 1879 visasque
1093 1800 1234 1879 polo
1262 1821 1621 1859 concurrere
1649 1801 1823 1859 lunas

488 1894 555 1944 et
580 1890 857 1964 geminos
886 1886 1042 1945 soles
1070 1891 1276 1945 mirari
1303 1887 1546 1946 desinat
1573 1889 1733 1946 orbis
1762 1908 1775 1945 ε

488 1977 693 2031 omnia
719 1982 1035 2031 cesserunt
1064 1974 1343 2033 eunucho
1371 1975 1617 2033 consule
1644 1983 1938 2036 monstra.

488 2058 610 2117 heu
637 2068 840 2118 terrae
868 2059 1145 2138 caelique
1171 2060 1370 2138 pudor
1397 2061 1409 2119 1
1460 2062 1746 2119 trabeata
1771 2081 1884 2138 per
1911 2062 2092 2118 urbes

489 2155 840 2205 ostentatur
867 2167 1018 2204 anus
1045 2145 1422 2224 titulumque
1452 2145 1766 2205 effeminat
1795 2151 1958 2205 anni.
2230 2155 2295 2204 10

485 2233 743 2311 pandite
769 2232 1089 2311 pontifices
1120 2231 1433 2290 Cumanae
1461 2236 1730 2291 carmina
1757 2236 1936 2299 vatiS‚

487 2318 812 2377 fulmineos
839 2318 1048 2377 sollers
1077 2319 1325 2377 Etruria
1352 2319 1631 2378 consulat
1655 2322 1831 2398 ignes

486 2409 943 2484 inmersumque
970 2402 1144 2462 nefas
1173 2404 1338 2462 fibris
1368 2404 1648 2483 exploret
1674 2405 2003 2482 haruspex,

487 2512 648 2570 quae
674 2512 833 2551 nova
857 2491 1235 2569 portendant
1263 2495 1488 2568 superi.
1569 2491 1822 2550 Nilusne
1850 2499 2061 2548 meatu

487 2578 700 2636 devius
730 2587 795 2636 et
821 2580 1015 2635 nostri
1041 2585 1315 2656 temptat
1340 2580 1464 2635 iam
1493 2576 1812 2656 transfuga
1839 2577 2052 2634 mundi
2230 2585 2295 2633 15

485 2682 553 2721 se
581 2663 787 2722 Rubro
814 2667 1069 2721 miscere
1097 2667 1251 2721 mari
1278 2664 1300 2721 ?
1349 2672 1614 2740 ruptone
1643 2663 1913 2741 Niphate

485 2770 724 2808 rursum
750 2751 1080 2807 barbaricis
1108 2750 1330 2809 Oriens
1358 2751 1701 2808 vastabitur
1729 2754 1910 2807 armis
1937 2750 1960 2807 ?
1987 2799 1992 2803 .

487 2856 566 2893 an
593 2837 789 2894 morbi
816 2844 1077 2893 ventura
1103 2834 1234 2894 lues
1262 2836 1285 2893 ?
1337 2856 1415 2892 an
1442 2835 1608 2893 nulla
1634 2834 1848 2894 colono

484 2941 851 2999 responsura
877 2941 1054 2999 seges
1082 2922 1104 2979 ?
1186 2940 1346 2999 quae
1375 2930 1582 2980 tantas
1612 2925 1824 2999 expiet
1848 2924 1968 2978 iras

484 3010 733 3065 victima
759 3008 782 3064 ?
834 3026 956 3084 quo
985 3008 1145 3066 diras
1172 3007 1382 3085 iugulo
1408 3006 1783 3085 placabimus
1812 3027 1945 3065 aras
1972 3008 1995 3064 ?
2224 3017 2293 3066 20

553 3126 573 3155 ¹
611 3126 716 3176 For
740 3126 833 3176 the
858 3127 1166 3192 consulship
1190 3127 1251 3176 of
1274 3127 1565 3191 Eutropius
1591 3143 1679 3177 see
1703 3126 2091 3187 Introduction,
2119 3144 2173 3191 p.
2201 3146 2299 3181 xv.

1018 3192 1039 3223 ²
1075 3193 1126 3243 A
1152 3195 1437 3243 mountain
1461 3196 1517 3243 in
1542 3193 1820 3243 Armenia.

491 3277 601 3327 138
