2511 3938
1101 335 1549 395 CLAUDIAN

423 519 523 559 me
550 498 861 558 Senonum
886 496 1079 570 furiis,
1104 499 1333 556 Brenni
1357 517 1459 556 me
1484 497 1728 556 reddite
1753 495 2033 555 flammis

423 590 646 641 cuncta
669 580 835 639 fame
860 579 1090 639 leviora
1113 577 1330 638 mihi.’'

1373 661 1470 721 Sic
1494 660 1628 719 fata
1651 660 1869 720 refusis

425 745 686 803 obticuit
709 743 992 803 lacrimis,
1071 753 1273 803 mater
1299 743 1609 823 Cytherea
1632 763 1977 822 parensque

425 824 536 885 flet
564 826 812 885 Mavors
839 834 1213 904 sanctaeque
1239 845 1476 884 memor
1500 826 1776 884 Tritonia
1801 825 2052 896 Vestae,

424 928 540 967 nec
567 907 800 988 Cybele
826 911 983 967 sicco
1010 928 1125 967 nec
1151 909 1361 968 stabat
1384 908 1615 966 lumine
1644 907 1820 966 Iuno.
2129 914 2226 963 130

423 998 706 1048 maerent
728 990 1038 1069 indigetes
1067 999 1133 1048 et
1159 993 1210 1048 si
1236 1009 1388 1068 quos
1417 989 1612 1048 Roma
1636 993 1873 1068 recepit

426 1080 535 1130 aut
561 1071 737 1130 dedit
759 1075 894 1150 ipsa
919 1071 1088 1130 deos‚
1167 1075 1412 1149 genitor
1435 1075 1561 1131 iam
1586 1071 1768 1130 corde
1795 1073 2029 1129 remitti

423 1161 715 1231 coeperat
741 1162 809 1212 et
834 1173 1073 1211 sacrum
1099 1152 1322 1212 dextra
1347 1153 1563 1212 sedare
1589 1152 1947 1222 tumultum,

423 1255 564 1294 cum
588 1234 801 1313 procul
823 1238 1051 1293 insanis
1078 1238 1364 1313 quatiens
1390 1235 1722 1293 ululatibus
1750 1254 1932 1292 axem

426 1326 492 1376 et
517 1325 774 1375 contusa
799 1336 991 1395 genas
1016 1316 1234 1376 mediis
1263 1316 1523 1395 adparet
1546 1320 1611 1374 in
1638 1319 1816 1375 astris
2132 1324 2228 1372 135

424 1396 635 1457 Africa
661 1419 676 1457 ι
722 1402 1013 1457 rescissae
1039 1407 1242 1457 vestes
1272 1407 1338 1457 et
1363 1402 1569 1476 spicea
1592 1401 1820 1476 passim

424 1488 591 1539 serta
614 1483 822 1539 iacent
847 1499 863 1550 3
909 1479 1111 1539 lacero
1137 1480 1394 1538 crinales
1420 1483 1649 1538 vertice
1677 1479 1897 1538 dentes

426 1570 493 1620 et
517 1560 782 1621 fractum
806 1561 1125 1640 pendebat
1152 1562 1324 1631 ebur,
1351 1561 1584 1639 talique
1612 1561 1904 1639 superbas

424 1646 657 1722 inrupit
682 1643 946 1702 clamore
972 1641 1134 1702 fores
1162 1664 1176 1702 ε

1272 1733 1310 1760 “
1335 1723 1501 1797 Quid
1526 1743 1751 1802 magne
1779 1726 2030 1782 moraris

425 1805 707 1884 Iuppiter
733 1805 940 1864 avulso
967 1825 1133 1864 nexu
1158 1805 1489 1884 pelagique
1516 1805 1730 1864 solutis
2130 1813 2227 1862 140

422 1886 661 1966 legibus
685 1891 914 1946 iratum
937 1887 1178 1966 populis
1202 1890 1519 1946 inmittere
1545 1885 1803 1945 fratrem
1829 1888 1852 1944 ?

422 1974 618 2048 mergi
641 1973 840 2048 prima
865 1978 1015 2048 peto
1042 1988 1057 2039 ;
1105 1973 1358 2029 veniant
1380 1978 1716 2048 praerupta
1745 1968 2030 2049 Pachyno

423 2071 711 2130 aequora,
736 2051 958 2111 laxatis
986 2051 1308 2110 subsidant
1334 2050 1614 2131 Syrtibus
1642 2053 1845 2110 urbes,

422 2136 472 2190 si
497 2132 646 2190 mihi
674 2132 1001 2192 Gildonem
1027 2142 1349 2211 nequeunt
1376 2133 1680 2192 abducere
1706 2132 1859 2203 fata,

423 2235 523 2273 me
549 2234 698 2293 rape
727 2215 994 2274 Gildoni.
1073 2214 1306 2274 felicior
1330 2215 1433 2273 illa
1458 2224 1748 2293 perustae
2129 2223 2225 2271 145

422 2316 562 2375 pars
592 2296 849 2376 Libyae,
875 2300 1063 2355 nimio
1091 2317 1250 2375 quae
1279 2316 1344 2355 se
1372 2301 1612 2355 munita
1637 2297 1837 2355 calore

421 2377 704 2437 defendit
729 2382 1015 2456 tantique
1041 2387 1221 2437 vacat
1247 2399 1461 2437 secura
1487 2382 1753 2458 tyranni.

421 2469 655 2519 crescat
681 2481 834 2518 zona
860 2461 1085 2518 rubens
1113 2480 1128 2530 ;
1176 2461 1415 2519 medius
1442 2459 1756 2539 flagrantis
1786 2458 2037 2539 Olympi

420 2561 521 2599 me
549 2561 794 2619 quoque
819 2541 995 2600 limes
1023 2550 1171 2620 agat
1197 2561 1212 2612 ;
1262 2541 1477 2600 melius
1505 2542 1751 2601 deserta
1776 2541 1989 2599 iacebo

420 2627 680 2682 vomeris
705 2627 1056 2701 impatiens.
1136 2623 1324 2702 pulsis
1351 2623 1743 2682 dominentur
1770 2626 1969 2681 aristis
2127 2631 2223 2680 150

419 2704 705 2782 dipsades
734 2713 799 2762 et
826 2708 1038 2763 sitiens
1066 2705 1315 2764 attollat
1339 2705 1561 2783 glaeba
1586 2714 1875 2763 cerastas,

419 2786 568 2863 quid
593 2805 694 2844 me
720 2790 1053 2865 temperies
1079 2790 1234 2845 iuvit
1260 2788 1283 2845 ?
1333 2787 1482 2865 quid
1507 2790 1713 2845 mitior
1738 2786 1955 2845 aether
1980 2786 2003 2844 ?

304 2900 310 2906 ·
419 2867 665 2926 Gildoni
690 2866 957 2927 fecunda
981 2867 1091 2926 fui.
1170 2872 1295 2926 iam
1321 2869 1459 2927 solis
1487 2869 1768 2926 habenae

487 3080 508 3110 ²
542 3080 628 3130 ἀρ.
674 3078 766 3129 the
811 3077 1131 3137 Palladium,
1170 3078 1263 3129 the
1308 3080 1417 3129 ima
1456 3096 1486 3129 e
1523 3077 1585 3128 of
1624 3078 1801 3129 Pallas
1846 3084 1923 3142 (=
1939 3078 2227 3145 Minerva),

417 3144 639 3196 rescued
682 3144 759 3210 by
807 3143 1057 3195 Metellus
1100 3144 1240 3194 from
1284 3145 1377 3195 the
1459 3146 1657 3209 urning
1699 3143 1898 3208 temple
1942 3142 2003 3192 of
2041 3143 2226 3204 Vesta,

416 3215 514 3263 241
548 3227 648 3264 me.

424 3298 534 3348 108
