2511 3938
1208 311 1656 370 CLAUDIAN

526 472 817 531 iudicium
847 476 1089 531 virtutis
1121 480 1255 530 erat
1283 491 1298 540 ;
1347 492 1460 549 per
1488 479 1711 543 castra,
1737 492 1852 550 per
1879 474 2090 544 urbes,

526 578 638 635 per
664 557 921 635 populos
952 561 1138 616 animi
1168 562 1514 617 cunctantis
1544 558 1699 616 libra
1727 561 2013 618 cucurrit.
2287 572 2357 620 75

526 649 597 701 tu
625 643 845 721 legeris
873 653 1205 721 tantosque
1231 648 1411 713 virOS,
1440 664 1592 721 quos
1618 644 1845 703 obtulit
1871 646 2059 714 orbiS,

524 733 687 787 intra
714 729 1031 788 consilium
1058 733 1245 788 vincis
1275 749 1645 807 sensumque
1674 729 1959 808 legentiS‚

526 823 592 873 et
616 834 811 892 gener
835 817 1133 894 Augustis
1161 815 1306 874 olim
1332 835 1503 874 socer
1526 819 1659 892 ipse
1686 813 1928 874 futurus

526 900 783 959 accedis,
862 902 1045 960 radiis
1079 905 1209 959 auri
1238 901 1546 979 Tyriaque
1579 902 1856 979 superbit

525 990 850 1045 maiestate
884 996 1052 1045 torus
1080 1006 1116 1056 3-
1148 991 1444 1046 comitata
1474 988 1834 1064 parentibus
1869 991 2000 1045 exit
2279 1001 2349 1051 80

522 1077 843 1149 purpureis
865 1077 1055 1151 virgo,
1136 1075 1345 1132 stabat
1364 1082 1544 1150 pater
1563 1073 1707 1131 inde
1729 1077 1998 1150 tropaeis

519 1157 762 1217 inclitus
789 1177 804 1227 3
853 1158 998 1216 inde
1026 1162 1198 1236 pium
1226 1163 1439 1217 matris
1467 1161 1682 1236 regina
1708 1161 1971 1237 gerebat

520 1244 881 1321 obsequium
910 1246 1196 1322 gravibus
1225 1245 1596 1302 subnectens
1626 1243 1912 1303 flammea
1939 1250 2232 1323 gemmiS.

520 1334 668 1387 tunc
698 1338 764 1388 et
792 1328 943 1388 Solis
975 1350 1185 1407 equOS,
1215 1339 1363 1388 tunc
1393 1329 1703 1388 exultasse
1731 1330 1966 1390 choreis

520 1423 685 1473 astra
710 1414 919 1474 ferunt
946 1414 1266 1493 mellisque
1291 1415 1458 1486 lacus
1488 1425 1553 1474 et
1579 1415 1831 1474 flumina
1856 1416 2031 1476 lactis
2271 1431 2343 1479 85

519 1504 789 1579 erupisse
820 1501 967 1571 so10‚
997 1521 1136 1559 cum
1165 1500 1414 1559 floribus
1445 1522 1714 1579 aequora
1742 1506 1942 1560 vernis

516 1585 861 1664 Bosphorus
889 1587 1177 1645 indueret
1205 1591 1518 1665 roseisque
1550 1591 1793 1645 evincta
1821 1592 2057 1647 coronis

515 1681 826 1731 certantes
858 1675 1043 1731 Asiae
1074 1673 1291 1731 taedas
1322 1673 1570 1751 Europa
1598 1673 1852 1732 levaret.

594 1757 765 1815 Felix
796 1759 1029 1816 arbitrii
1057 1762 1340 1836 princeps
1348 1802 1363 1828 ,
1394 1763 1498 1836 qui
1527 1779 1798 1837 congrua
1826 1760 2056 1819 mundo

511 1842 744 1901 iudicat
774 1853 840 1901 et
865 1847 1097 1921 primus
1126 1853 1361 1914 censet,
1392 1845 1558 1922 quod
1586 1849 1887 1903 cernimus
1918 1866 2154 1906 omnes.
2265 1859 2340 1909 90

512 1927 704 1987 talem
732 1933 960 2008 quippe
988 1933 1184 1989 virum
1212 1934 1373 1989 natis
1403 1931 1686 1990 adiunxit
1714 1938 1780 1990 et
1807 1930 2006 2004 aulae,

512 2018 608 2072 cui
636 2035 839 2093 neque
866 2016 1136 2074 luxuries
1164 2016 1327 2075 bello
1355 2038 1468 2075 nec
1496 2017 1722 2075 blanda
1748 2018 1988 2095 periclis

510 2103 638 2158 otia
666 2121 780 2159 nec
808 2101 958 2160 lucis
987 2100 1221 2160 fructus
1250 2105 1574 2179 pretiosior
1604 2123 1898 2180 umquam

509 2183 690 2244 laude
719 2186 858 2246 fuit.
939 2191 1073 2265 quis
1105 2192 1269 2245 enim
1298 2187 1472 2246 Visos
1499 2192 1564 2245 in
1591 2189 1868 2266 plaustra
1894 2188 2130 2249 feroces

506 2272 778 2349 reppulit
808 2279 916 2330 aut
945 2292 1128 2331 saeva
1157 2272 1430 2331 Promoti
1459 2274 1649 2332 caede
1679 2280 1996 2333 tumentes
2255 2291 2331 2339 95

507 2357 834 2417 Basternas
865 2379 987 2417 una
1014 2363 1221 2436 potuit
1249 2360 1457 2418 delere
1488 2363 1663 2417 ruina
1690 2361 1712 2418 ?

508 2442 800 2502 Pallantis
827 2445 1106 2522 iugulum
1134 2445 1340 2504 Turno
1369 2450 1672 2504 moriente
1700 2450 1895 2523 piavit

505 2528 772 2600 Aeneas,
800 2539 1157 2609 tractusque
1185 2535 1335 2590 rotis
1365 2531 1682 2590 ultricibus
1712 2531 1946 2591 Hector

499 2618 658 2673 irato
688 2617 957 2674 vindicta
984 2615 1104 2675 fuit
1133 2616 1230 2675 vel
1261 2626 1554 2694 quaestus
1586 2616 1826 2676 Achilli.

500 2706 571 2758 tu
602 2720 803 2779 neque
832 2722 1057 2760 vesano
1087 2712 1295 2781 raptas
1325 2702 1563 2761 venalia
1592 2724 1770 2762 curru
2219 2717 2320 2767 100

497 2784 716 2844 funera
741 2808 855 2845 nec
882 2808 1103 2845 vanam
1129 2809 1346 2866 corpus
1373 2789 1689 2848 meditaris
1715 2793 1780 2847 in
1806 2811 1997 2848 unum

498 2876 819 2932 saevitiam
845 2893 860 2943 3
913 2882 1145 2931 turmas
1178 2878 1458 2952 equitum
1486 2874 1893 2953 peditumque
1923 2885 2208 2936 catervas

565 3021 586 3051 ¹
622 3022 923 3080 PromotuS,
945 3022 1067 3073 who
1089 3020 1198 3073 had
1221 3023 1441 3073 rescued
1463 3022 1796 3074 Theodosius
1817 3023 1957 3074 from
1978 3041 2051 3075 an
2072 3028 2318 3082 ambush

494 3088 550 3137 in
585 3087 667 3137 his
693 3104 804 3138 war
835 3089 1050 3152 against
1080 3088 1173 3138 the
1204 3087 1484 3152 Visigoths
1517 3090 1572 3138 in
1606 3093 1725 3147 390,
1750 3089 1854 3140 lost
1886 3090 1967 3140 his
2000 3090 2092 3141 life
2126 3092 2187 3143 in
2219 3096 2319 3148 the

492 3167 640 3203 same
657 3169 768 3204 war
783 3154 875 3204 the
893 3170 1021 3219 year
1037 3153 1193 3205 after.
1263 3153 1488 3205 Stilicho
1505 3154 1797 3206 succeeded
1815 3159 1872 3205 to
1890 3155 1971 3205 his
1989 3162 2312 3214 command.

497 3234 614 3293 370
