2511 3938
1218 224 1666 335 CLAUDIAN

534 441 654 517 ipsi
680 438 817 497 vela
841 447 1087 517 regent,
1111 441 1259 516 ipsis
1286 438 1658 497 donantibus
1686 456 1864 496 auras
2246 447 2354 496 245

537 534 748 592 navita
774 532 1105 611 tranquillo
1130 533 1554 592 moderabitur
1578 552 1846 611 aequore
1872 536 2107 610 pinum.

537 646 700 687 nunc
725 637 974 706 pateras
1000 627 1193 686 libare
1220 628 1374 697 deis,
1400 648 1562 685 nunc
1590 627 1823 685 solvere
1851 626 2046 685 multo

539 730 791 780 nectare
818 722 1003 781 corda
1027 721 1203 780 libet.
1283 725 1491 780 niveos
1517 725 1642 779 iam
1667 722 1925 799 pandite
1952 730 2186 792 coetuS‚

539 816 597 874 N
600 816 791 886 aideS‚
820 825 886 875 et
911 824 1116 874 totum
1142 815 1314 875 violis
1340 820 1692 894 praetexite
1716 814 1958 875 fontem
1982 834 2000 886 ;

528 910 723 971 mella
747 911 954 970 ferant
980 910 1167 969 silvae
1195 930 1209 979 ;
1257 915 1384 969 iam
1407 910 1674 989 profluat
1703 912 1905 969 ebrius
1933 913 2129 969 amnis
2243 921 2352 970 250

537 1008 795 1063 mutatis
820 1009 886 1063 in
912 1009 1053 1063 vina
1078 1006 1250 1064 vadis
1278 1023 1293 1073 ;
1338 1009 1466 1063 iam
1492 1016 1713 1083 sponte
1738 1024 1852 1082 per
1878 1024 2058 1083 agros

540 1099 770 1158 sudent
793 1103 1074 1178 inriguae
1102 1103 1401 1177 spirantia
1426 1099 1703 1157 balsama
1730 1119 1926 1157 venae
1953 1100 1967 1157 1

539 1201 767 1264 currat,
795 1196 900 1272 qui
927 1197 1128 1252 sociae
1155 1202 1339 1272 roget
1363 1197 1429 1251 in
1456 1197 1734 1253 convivia
1760 1212 2014 1252 mensae

537 1285 860 1367 indigenas
890 1287 1152 1358 Fluvios,
1180 1287 1353 1347 Italis
1381 1291 1750 1366 quicumque
1777 1288 2103 1346 suberrant

540 1383 851 1443 montibus
880 1382 1258 1460 Alpinasque
1285 1383 1507 1441 bibunt
1533 1381 1612 1440 de
1639 1402 1808 1441 more
1833 1385 2081 1460 pruinas
2108 1402 2128 1442 ι
2241 1392 2351 1442 255

540 1476 1000 1555 Vulturnusque
1026 1497 1218 1554 rapax
1247 1485 1314 1535 et
1342 1476 1468 1534 Nar
1493 1480 1744 1535 vitiatus
1772 1476 1958 1535 odoro

541 1571 828 1651 sulphure
856 1571 1259 1650 tardatusque
1288 1575 1409 1629 suis
1437 1573 1739 1630 erroribus
1769 1571 1965 1630 Ufens

541 1676 608 1726 et
635 1665 1104 1724 Phaethonteae
1130 1686 1455 1744 perpessus
1483 1666 1708 1725 damna
1732 1670 1945 1724 ruinae

538 1762 840 1821 Eridanus
868 1760 1186 1839 flavaeque
1213 1769 1422 1819 terens
1450 1770 1743 1839 querceta
1773 1760 2045 1819 Maricae

541 1855 695 1913 Liris
725 1864 791 1913 et
819 1854 1114 1914 Oebaliae
1143 1859 1248 1933 qui
1275 1864 1588 1933 temperat
1614 1876 1757 1913 arva
1786 1855 2101 1914 Galaesus.
2238 1867 2348 1917 260

539 1969 783 2029 semper
808 1949 1139 2008 honoratus
1166 1953 1389 2008 nostris
1416 1948 1825 2009 celebrabitur
1853 1951 2029 2010 undis

536 2047 656 2103 iste
683 2045 836 2114 dies,
863 2064 1107 2122 semper
1133 2044 1392 2122 dapib‘us
1419 2044 1722 2103 recoletur
1749 2042 2029 2122 opimiS.”

614 2136 712 2195 Sic
739 2140 828 2195 ait
855 2146 922 2196 et
947 2137 1275 2216 Nymphae
1300 2131 1493 2215 patris
1518 2146 1854 2215 praecepta
1879 2147 2129 2197 secutae

539 2238 709 2289 tecta
733 2240 956 2309 parant
984 2231 1177 2309 epulis
1204 2240 1494 2310 ostroque
1521 2230 1750 2290 infecta
1777 2253 2023 2291 corusco

540 2324 748 2383 umida
774 2323 1150 2403 gemmiferis
1176 2324 1401 2383 inluxit
1425 2317 1597 2402 regia
1623 2328 1868 2384 mensis,
2237 2336 2345 2385 265

616 2418 672 2477 O
700 2420 861 2476 bene
889 2421 1198 2496 signatum
1223 2417 1498 2477 fraterno
1524 2422 1770 2477 nomine
1797 2428 2043 2498 tempus
2071 2421 2084 2478 !

540 2533 576 2572 o
603 2516 1067 2590 consanguineis
1093 2512 1242 2570 felix
1271 2514 1620 2571 auctoribus
1648 2534 1863 2583 annuS‚

537 2610 738 2685 incipe
767 2606 1175 2685 quadrifidum
1203 2606 1436 2667 Phoebi
1463 2617 1751 2686 torquere
1778 2608 2077 2667 laborem⁸⁴

536 2705 735 2778 prima
762 2703 876 2759 tibi
901 2700 1198 2778 procedat
1223 2700 1418 2759 hiems
1446 2722 1569 2760 non
1594 2700 1820 2780 frigore
1847 2710 2119 2779 torpens,

538 2816 663 2854 non
689 2815 870 2853 canas
898 2798 1124 2852 vestita
1150 2798 1342 2865 nives,
1368 2816 1492 2853 non
1519 2816 1737 2873 aspera
1763 2800 1982 2866 ventiS,
2237 2808 2344 2857 270

539 2890 649 2947 sed
675 2888 888 2966 tepido
915 2887 1213 2947 calefacta
1240 2889 1406 2947 Noto
1432 2908 1448 2958 ;
1496 2910 1602 2947 ver
1627 2889 1770 2948 inde
1800 2910 2085 2948 serenum

536 2987 814 3061 protinus
844 2991 909 3041 et
933 2982 1148 3060 liquidi
1174 2983 1533 3041 clementior
1561 3004 1708 3042 aura
1736 2985 1963 3042 Favoni

536 3081 729 3156 pratis
756 3086 823 3136 te
850 3081 1075 3136 croceis
1101 3082 1321 3157 pingat
1347 3098 1362 3147 3
1410 3088 1476 3137 te
1503 3080 1801 3138 messibus
1830 3074 2046 3160 aestas⁶

540 3216 617 3268 20
