2511 3938
1146 337 1596 400 CLAUDIAN

472 507 726 565 navibus
755 512 822 563 et
847 506 1009 562 socia
1035 505 1408 561 comitentur
1434 500 1624 560 classe
1652 500 1997 580 Sygambri.

469 604 697 683 pallida
723 603 1088 663 translatum
1113 605 1238 660 iam
1266 605 1497 660 sentiat
1522 599 1731 660 Africa
1758 598 2062 658 Rhenum.
2174 607 2276 657 374

472 725 552 763 an
577 707 779 781 patiar
805 710 903 761 tot
926 702 1149 779 probra
1177 700 1398 759 sedens
1424 704 1783 778 iuvenisque
1809 698 2152 776 relinquam

471 822 631 881 quae
657 805 832 860 tenui
858 804 1113 879 rexique
1139 819 1296 877 puer
1321 801 1344 857 ?
1424 800 1516 858 bis
1543 807 1754 858 noster
1780 798 1860 857 ad
1886 797 2077 874 Alpes

470 901 721 961 alterius
748 904 993 979 genitor
1019 898 1343 959 defensum
1370 919 1561 977 regna
1588 901 1872 957 cucurrit.

469 1021 579 1059 nos
605 999 875 1078 praedae
901 998 1110 1057 faciles
1136 997 1595 1076 insultandique
1621 1000 1890 1056 iacemus
1917 997 1940 1054 ?
1971 995 2006 1017 '⁹

547 1100 838 1157 Finierat.
918 1097 1169 1156 Stilicho
1196 1106 1411 1155 contra
1437 1100 1535 1155 cui
1561 1096 1711 1155 talia
1736 1096 1942 1155 reddit
1969 1116 1982 1154 :

468 1209 507 1237 ‘⁶
529 1199 847 1258 adversine
875 1198 1093 1256 tubam
1116 1199 1401 1275 princeps
1428 1197 1767 1275 dignabere
1798 1196 2004 1254 Mauri
2030 1196 2053 1253 ?
2171 1202 2273 1251 380

468 1297 712 1357 auferet
736 1301 992 1376 ignavus
1008 1295 1165 1355 'clari
1192 1295 1417 1355 solacia
1441 1295 1575 1366 leti,

467 1406 534 1456 te
561 1396 833 1457 bellante
860 1399 1015 1455 mori
1040 1397 1063 1454 ?
1145 1395 1441 1454 decernet
1468 1395 1773 1454 Honorius
1799 1394 1967 1464 inde,

466 1496 608 1555 hinc
636 1495 819 1556 Gildo
845 1498 868 1555 ?
947 1499 1114 1574 prius
1143 1504 1309 1554 astra
1336 1495 1534 1554 Chaos
1561 1495 1844 1553 miscebit
1870 1493 2137 1552 Avern0.

465 1596 800 1656 vindictam
825 1594 1150 1653 mandasse
1179 1603 1278 1653 sat
1305 1603 1402 1653 est
1427 1612 1443 1663 3
1490 1593 1627 1672 plus
1653 1596 1913 1652 nominis
1940 1591 2151 1651 horror

467 1714 654 1773 quam
674 1705 818 1754 tuus
840 1699 1000 1753 ensis
1022 1703 1188 1773 aget.
1266 1697 1488 1752 minuit
1507 1697 1859 1771 praesentia
1877 1692 2129 1752 famam.
2170 1701 2272 1751 385

466 1797 572 1872 qui
599 1799 779 1854 stetit
807 1803 1109 1872 aequatur
1135 1813 1374 1870 campe,
1401 1793 1746 1872 collataque
1773 1797 1971 1852 nescit

467 1897 861 1953 maiestatem
888 1897 1069 1951 acies,
1149 1892 1260 1951 sed
1286 1893 1452 1972 quod
1478 1897 1673 1973 magis
1702 1892 1853 1951 utile
1880 1891 2052 1951 factu

464 2002 655 2072 atque
683 1994 844 2052 hosti
871 1997 1113 2072 gravius
1142 1993 1380 2072 (sensus
1408 1993 1687 2073 adverte)
1717 1994 1971 2053 doceb0.

466 2102 562 2152 est
587 2092 673 2151 illi
698 2095 999 2172 patribuS,
1026 2093 1137 2152 sed
1162 2114 1287 2151 non
1316 2102 1382 2152 et
1407 2094 1675 2152 moribus
1701 2092 1899 2151 isdem

466 2192 796 2263 Mascezel,
822 2192 1066 2273 fugiens
1094 2197 1199 2271 qui
1225 2194 1359 2252 dira
1384 2192 1625 2270 piacula
1649 2191 1854 2251 fratris
2166 2200 2268 2251 390

465 2313 728 2372 spesque
755 2314 895 2351 suas
921 2297 1236 2371 vitamque
1264 2302 1374 2351 tuo
1400 2295 1703 2351 commisit
1729 2290 1918 2371 asylo.

463 2391 625 2451 hunc
654 2394 759 2451 ubi
786 2396 1110 2470 temptatis
1136 2391 1364 2451 frustra
1390 2401 1662 2451 mactare
1688 2395 1967 2470 nequivit

463 2492 716 2563 insidiiS,
742 2496 972 2569 patrias
998 2496 1064 2550 in
1088 2496 1347 2570 pignora
1372 2492 1632 2551 contulit
1657 2495 1777 2550 iras

464 2601 552 2663 et,
580 2612 732 2670 quos
758 2596 891 2668 ipse
918 2596 1054 2650 sinu
1079 2612 1298 2669 parvos
1324 2600 1701 2671 gestaverat,
1728 2612 1851 2650 una

463 2691 687 2750 occidit
711 2694 963 2749 iuvenes
989 2690 1434 2769 inhumataque
1461 2711 1714 2769 corpora
1739 2690 1922 2769 vulgo
2165 2699 2267 2748 395

462 2788 716 2867 dispulit
745 2798 810 2847 et
837 2789 1074 2847 tumulo
1101 2798 1396 2868 cognatas
1425 2794 1620 2849 arcuit
1646 2790 1892 2848 umbras

462 2898 872 2966 naturamque
901 2888 1080 2946 simul
1104 2887 1486 2967 fratremque
1515 2889 1949 2967 hominemque
1972 2897 2264 2955 cruentus

462 2991 637 3046 exuit
664 2997 731 3046 et
757 2996 1013 3045 tenuem
1040 2991 1230 3045 caesis
1257 2988 1479 3046 invidit
1504 2987 1818 3046 harenam.

460 3088 576 3147 hoc
602 3086 838 3145 facinus
864 3085 1082 3164 refugo
1109 3086 1427 3146 damnavit
1452 3086 1578 3145 sole
1609 3088 1907 3166 Mycenas

461 3190 810 3264 avertitque
839 3185 1004 3244 diem
1030 3203 1046 3256 3
1095 3185 1311 3244 sceleri
1335 3186 1447 3245 sed
1472 3186 1743 3245 reddidit
1769 3186 1997 3245 Atreus
2030 3210 2033 3213 ⁴
2163 3196 2267 3246 400

466 3281 577 3340 126
