2511 3938
1191 358 1641 419 CLAUDIAN

509 521 690 581 ludus
718 529 785 580 et
811 523 1036 580 occisos
1062 519 1385 598 pulchrum
1409 523 1611 578 iurare
1636 527 1948 597 parentes·

512 639 627 678 nec
652 617 788 697 plus
815 620 1156 698 nubigenas
1182 618 1414 696 duplex
1440 626 1663 676 natura
1688 615 1977 677 biformes

511 721 790 797 cognatis
816 720 1056 796 aptavit
1083 721 1257 795 equis
1283 736 1299 787 3
1349 720 1644 776 acerrima
1669 715 1835 774 nullo
2218 724 2319 774 330

512 817 725 876 ordine
750 816 1059 876 mobilitas
1084 819 1506 894 insperatique
1532 835 1831 875 recursus·

588 915 757 989 Quos
784 924 997 974 tamen
1021 915 1366 993 impavidus
1392 923 1606 974 contra
1631 917 1973 992 spumantis
2000 914 2081 975 ad
2107 914 2303 973 Hebri

510 1015 718 1074 tendis
744 1034 955 1093 aquaS‚
982 1017 1067 1072 sic
1094 1022 1241 1072 ante
1269 1015 1452 1073 tubas
1480 1016 1799 1092 aciemque
1825 1021 2111 1091 precatus
2139 1033 2154 1072 τ

512 1120 551 1149 “
580 1112 849 1182 MavorS,
876 1109 1157 1171 nubifero
1184 1132 1296 1171 seu
1321 1120 1392 1170 tu
1416 1112 1764 1189 procumbis
1789 1114 1854 1169 in
1880 1111 2122 1170 Haemo

510 1230 622 1269 seu
648 1219 715 1270 te
741 1231 896 1269 cana
921 1209 1066 1289 gelu
1094 1209 1391 1287 Rhodope
1419 1230 1529 1269 seu
1554 1213 1789 1289 remige
1820 1210 2012 1269 Medo
2215 1219 2318 1268 335

508 1308 869 1369 sollicitatus
896 1307 1095 1368 Athos
1122 1329 1232 1368 seu
1259 1307 1590 1387 caligantia
1614 1312 1802 1387 nigris

506 1409 745 1469 ilicibus
774 1408 1063 1489 Pangaea
1088 1416 1332 1479 tenent,
1359 1413 1677 1488 accingere
1705 1429 1948 1468 mecum

511 1517 578 1568 et
603 1508 868 1568 Thracas
895 1507 1164 1567 defende
1191 1517 1331 1567 tuos
1432 1511 1482 1566 si
1507 1508 1727 1566 laetior
1752 1507 1914 1567 adsit

511 1605 725 1686 gloria,
751 1610 979 1666 vestita
1005 1606 1209 1685 spoliis
1237 1607 1547 1666 donabere
1577 1604 1870 1685 quercu.”

589 1704 809 1764 Audiit
831 1704 936 1762 illa
958 1713 1142 1784 pater
1167 1703 1552 1782 scopulisque
1578 1703 1877 1763 nivalibus
1906 1705 2129 1763 Haemi
2216 1714 2318 1764 340

509 1807 708 1882 surgit
736 1812 803 1862 et
830 1802 1112 1862 hortatur
1140 1802 1370 1861 celeres
1400 1801 1664 1862 clamore
1691 1806 1999 1863 ministros
2027 1825 2041 1863 ε

511 1910 550 1939 “
575 1899 670 1960 fer
694 1901 959 1982 galeam,
985 1900 1259 1973 Bellona,
1285 1901 1436 1959 mihi
1461 1921 1781 1981 nexusque
1807 1911 2081 1962 rotarum

512 2001 726 2072 tende,
755 2000 968 2060 Pavor.
1047 1999 1253 2059 frenet
1280 2001 1523 2079 rapidos
1552 2002 1835 2060 Formido
1861 2002 2118 2081 iugales.

512 2099 768 2159 festinas
795 2108 1016 2179 urgete
1042 2119 1283 2158 manuS.
1361 2119 1535 2158 meus
1564 2120 1707 2159 ecce
1731 2109 1987 2179 paratur

514 2199 594 2258 ad
619 2198 850 2257 bellum
877 2197 1149 2270 Stilicho,
1178 2203 1284 2277 qui
1311 2219 1412 2258 me
1439 2200 1519 2258 de
1545 2219 1715 2258 more
1742 2204 2011 2278 tropaeis
2215 2211 2316 2262 345

512 2298 675 2357 ditat
703 2307 768 2357 et
794 2298 1046 2357 hostiles
1072 2299 1396 2377 suspendit
1420 2303 1485 2357 in
1512 2301 1727 2359 arbore
1754 2303 1987 2359 cristaS.

512 2416 867 2456 communes
894 2416 1138 2475 semper
1162 2397 1322 2468 litui,
1349 2402 1696 2457 communia
1721 2399 1894 2458 nobis

511 2499 688 2574 signa
713 2504 944 2554 canunt
968 2499 1303 2574 iunctoque
1331 2516 1553 2575 sequor
1579 2500 1849 2556 tentoria
1875 2496 2119 2558 curru.”

511 2598 597 2653 sic
621 2592 788 2653 fatus
815 2614 1033 2672 campo
1059 2595 1292 2654 insiluit
1316 2594 1567 2674 lateque
1593 2593 1842 2674 fugatas

511 2693 653 2753 hinc
678 2691 930 2752 Stilicho
958 2702 1213 2764 turmaS,
1239 2694 1403 2753 illinc
1432 2694 1733 2753 Gradivus
1762 2697 1991 2774 agebat
2215 2707 2316 2757 350

513 2801 580 2852 et
605 2791 815 2870 clipeis
844 2800 910 2851 et
935 2792 1096 2851 mole
1122 2813 1303 2871 pares
1329 2813 1345 2864 3
1394 2802 1521 2852 stat
1547 2797 1729 2852 cassis
1757 2798 2003 2873 utrique

510 2890 763 2950 sidereis
791 2891 1026 2950 hirsuta
1051 2893 1209 2951 iubis
1235 2892 1546 2971 loricaque
1572 2913 1751 2951 cursu

512 2998 760 3049 aestuat
788 2998 854 3048 et
879 2988 1051 3070 largo
1079 2999 1394 3050 saturatur
1419 2991 1670 3049 vulnere
1697 3012 1935 3051 cornuS.

587 3089 802 3147 Acrior
826 3092 1067 3148 interea
1093 3098 1236 3148 voto
1264 3091 1596 3169 multisque
1627 3091 1928 3171 Megaera

511 3186 823 3246 luxuriata
848 3188 1023 3247 malis
1049 3197 1354 3248 maestam
1380 3190 1709 3267 deprendit
1734 3194 1798 3248 in
1825 3211 1965 3249 arce
2213 3201 2317 3252 355

512 3288 589 3339 50
