2511 3938
1107 319 1554 379 CLAUDIAN

428 477 796 537 distendisse
824 499 1016 556 genas
1045 478 1383 557 fictumque
1409 477 1658 536 inflatus
1688 475 1960 546 anhelat,

426 575 678 653 pulvere
706 598 1018 655 respersus
1046 582 1246 636 tineas
1277 585 1343 635 et
1371 576 1596 635 solibus
1624 597 1731 634 ora
2139 583 2243 631 260

425 675 726 754 pallidior,
752 679 1078 754 verbisque
1106 684 1286 735 sonat
1312 675 1607 754 plorabile
1636 674 1931 754 quiddam

426 775 589 834 ultra
616 780 959 854 nequitiam
983 775 1194 835 fractis
1224 784 1290 834 et
1316 775 1550 853 proelia
1577 782 1821 832 narrat:

424 893 661 952 perque
688 896 863 933 suam
890 875 1156 934 tremula
1183 884 1455 933 testatur
1480 894 1628 932 voce
1657 892 1947 941 sororem,

427 972 726 1032 defecisse
753 994 941 1052 vagas
971 974 1051 1032 ad
1076 973 1323 1051 publica
1349 973 1671 1032 commoda
1697 976 1856 1030 vires
1883 990 1899 1040 3

425 1072 647 1131 cedere
673 1073 847 1132 livori
874 1093 989 1131 nec
1015 1081 1367 1131 sustentare
1394 1071 1690 1149 procellas
1942 1137 1948 1143 ,
2138 1077 2241 1125 265

423 1172 690 1230 invidiae
718 1191 734 1242 ;
782 1176 1103 1250 mergique
1129 1170 1306 1229 fretis
1334 1171 1761 1248 spumantibus
1790 1177 1945 1227 orat.

426 1280 768 1349 exoretque
797 1275 1036 1329 utinam
1063 1272 1076 1328 Ι
1145 1270 1296 1328 dum
1322 1269 1471 1328 talia
1496 1267 1665 1327 fatur
1690 1262 1960 1346 ineptuS‚

426 1367 718 1447 deterget
745 1368 1024 1428 lacrimas
1053 1379 1243 1447 atque
1272 1373 1436 1426 inter
1462 1368 1702 1446 singula
1729 1368 1896 1426 dicta

424 1466 630 1526 flebile
658 1472 924 1546 suspirat
952 1489 965 1526 t
1015 1467 1210 1546 qualis
1238 1471 1410 1526 venit
1438 1467 1610 1525 arida
1636 1486 1840 1525 socrus

422 1566 824 1645 longinquam
850 1571 1051 1625 visura
1077 1587 1301 1625 nurum
1328 1585 1343 1636 ;
1392 1569 1495 1624 vix
1521 1565 1682 1623 lassa
1708 1564 1938 1623 resedit
2138 1572 2241 1620 270

425 1674 491 1725 et
517 1669 641 1723 iam
668 1670 811 1723 vina
834 1670 1018 1743 petit.

1119 1764 1286 1836 Quid
1313 1773 1400 1833 te,
1429 1767 1802 1841 turpissime,
1829 1761 2003 1821 bellis

424 1866 638 1920 inseris
668 1872 778 1921 aut
805 1867 972 1921 saevi
998 1870 1385 1940 pertemptas
1416 1860 1667 1919 Pallada
1693 1864 1894 1938 campi
1920 1861 1943 1918 ?

424 1969 494 2022 tu
521 1972 700 2042 potes
730 1962 980 2021 alterius
1010 1962 1226 2020 studiis
1255 1961 1512 2020 haerere
1543 1960 1865 2019 Minervae

424 2072 490 2122 et
517 2062 696 2132 telaS,
725 2083 848 2120 non
875 2061 1004 2120 tela
1029 2065 1185 2139 pati,
1213 2070 1284 2120 tu
1313 2063 1578 2119 stamina
1604 2079 1805 2128 nosse,

423 2169 493 2220 tu
522 2182 742 2240 segnes
771 2181 1027 2239 operum
1056 2160 1264 2219 sollers
1294 2179 1513 2238 urgere
1540 2159 1775 2236 puellas
2132 2169 2235 2217 275

423 2270 489 2321 et
515 2265 758 2319 niveam
786 2261 1071 2319 dominae
1098 2264 1305 2338 pensis
1331 2258 1640 2317 involvere
1668 2258 1893 2315 lanam.

421 2361 539 2431 vel,
567 2366 617 2419 si
645 2382 815 2419 sacra
841 2361 1111 2438 placent,
1139 2360 1370 2419 habeas
1396 2379 1508 2436 pro
1539 2358 1748 2416 Marte
1778 2357 2077 2435 Cybeben
2104 2376 2119 2427 ;

421 2480 608 2518 rauca
637 2460 1011 2518 Celaenaeos
1040 2460 1120 2518 ad
1148 2469 1448 2538 tympana
1474 2459 1640 2517 disce
1668 2457 1923 2515 furores.

420 2559 703 2638 cymbala
729 2558 892 2616 ferre
918 2559 1065 2617 licet
1091 2568 1434 2637 pectusque
1462 2557 1719 2615 inlidere
1746 2559 1896 2633 pinu

418 2661 684 2736 inguinis
715 2666 780 2715 et
807 2657 1110 2735 reliquum
1140 2657 1420 2736 Phrygiis
1449 2656 1764 2714 abscidere
1792 2654 2020 2713 cultriS.
2131 2663 2234 2712 280

422 2776 592 2813 arma
621 2754 898 2833 relinque
929 2760 1089 2814 viris,
1169 2760 1482 2834 geminam
1512 2755 1661 2833 quid
1689 2755 1907 2813 dividis
1938 2753 2143 2811 aulam

419 2860 779 2933 conarisque
806 2859 938 2932 pios
967 2855 1119 2913 odiis
1147 2859 1536 2913 committere
1563 2853 1786 2911 fratres
1816 2853 1839 2909 ?

419 2959 485 3010 te
513 2954 730 3028 magiS,
760 2950 839 3007 ah
867 2950 1143 3019 demenS,
1170 2958 1449 3007 veterem
1477 2952 1527 3006 si
1554 2951 1801 3025 respicis
1832 2956 2051 3016 artem,

420 3049 740 3108 conciliare
770 3049 972 3107 decet.

1074 3147 1280 3205 Gestis
1306 3167 1418 3224 pro
1447 3146 1673 3204 talibus
1703 3166 1932 3203 annum

426 3263 535 3314 158
