2511 3938
1147 332 1594 393 CLAUDIAN

473 490 829 551 Gildonisne
857 492 1019 552 salus
1046 495 1208 551 tanti
1235 496 1318 551 sit
1342 492 1549 570 palma
1573 490 1790 551 furoris
1817 493 1840 551 ?

472 583 704 642 scilicet
732 587 1015 663 egregius
1043 604 1284 642 morum
1310 603 1660 662 magnoque
1686 584 1955 642 tuendus

475 683 541 733 ct
567 679 737 733 cuius
764 679 998 734 meritis
1023 679 1225 753 pietas
1250 679 1317 733 in
1342 673 1533 735 fratre
1560 676 1813 734 recedat
1840 676 1852 733 ἔ
2174 681 2277 730 240

473 767 666 825 invito
685 767 708 804 1
735 770 1037 845 genitore,
1063 767 1226 837 vide,
1252 767 1428 825 civile
1455 767 1699 825 calebat

476 856 797 917 discidium
823 877 839 928 ;
888 858 1073 917 dubio
1101 859 1354 917 stabant
1381 858 1658 916 Romana
1684 858 1798 916 sub
1823 861 1951 915 ictu
1977 876 1993 926 ;

478 951 612 1025 quis
638 948 850 1027 procul
876 948 1201 1008 Armenius
1229 948 1329 1008 vel
1355 953 1489 1028 quis
1520 949 1840 1007 Maeotide
1866 952 1998 1026 ripa

475 1059 589 1097 rex
613 1043 861 1118 ignotus
890 1043 1041 1119 agit,
1068 1044 1173 1118 qui
1199 1060 1302 1098 me
1328 1061 1452 1099 non
1477 1043 1632 1098 iuvit
1661 1049 1913 1098 euntem

477 1130 704 1189 auxilio
730 1132 753 1189 ?
832 1130 1040 1189 fovere
1069 1131 1293 1202 Getae,
1320 1150 1545 1190 venere
1574 1131 1814 1190 Geloni.
2178 1137 2281 1186 245

478 1221 641 1280 solus
668 1230 735 1281 at
759 1221 857 1281 hic
882 1242 1006 1280 non
1028 1242 1237 1301 puppe
1265 1222 1434 1292 data,
1459 1242 1583 1280 non
1606 1222 1802 1281 milite
1827 1225 2010 1279 misso

483 1312 761 1372 subsedit
786 1311 1071 1371 fluitante
1098 1312 1241 1371 fide.
1322 1317 1373 1371 si
1399 1317 1574 1391 signa
1597 1317 1860 1391 petisset

482 1403 683 1475 obvia,
711 1404 960 1463 detecto
988 1407 1364 1463 summissius
1390 1403 1568 1463 hoste
1596 1404 1868 1463 dolerem
1896 1425 1910 1462 :

480 1498 714 1554 restitit
738 1498 803 1552 in
830 1495 1089 1572 speculis
1115 1493 1231 1554 fati
1259 1497 1564 1573 turbaque
1591 1496 1882 1554 reductus

480 1585 725 1644 libravit
750 1590 1026 1664 geminas
1055 1595 1284 1645 eventu
1308 1587 1510 1645 iudice
1537 1590 1694 1645 vires
2180 1593 2283 1641 250

482 1676 563 1734 ad
588 1696 794 1734 rerum
820 1685 1137 1735 momenta
1162 1676 1349 1735 cliens
1377 1696 1636 1754 seseque
1664 1676 1919 1735 daturus

480 1769 696 1825 victori
721 1785 737 1837 ;
784 1765 1034 1826 fortuna
1059 1767 1237 1825 simul
1264 1788 1405 1825 cum
1430 1776 1642 1826 mente
1668 1768 1988 1846 pependit.

482 1877 520 1916 o
546 1861 595 1916 si
624 1878 747 1916 non
772 1858 1007 1935 cupidis
1036 1877 1233 1916 essem
1259 1866 1624 1935 praereptus
1652 1860 1731 1917 ab
1759 1863 1958 1929 astriS,

482 1949 836 2028 exemplum
862 1969 1153 2028 sequerer
1178 1949 1337 2009 Tulli
1362 1949 1772 2030 laniandaque
1801 1950 1999 2010 dumis

481 2045 671 2118 impia
696 2041 947 2100 diversis
976 2049 1257 2120 aptarem
1282 2042 1561 2100 membra
1588 2042 1918 2121 quadi-igis
2182 2049 2284 2098 255

483 2135 761 2211 germani
786 2152 949 2191 nunc
976 2152 1171 2211 usque
1198 2137 1292 2191 tui
1318 2152 1609 2211 responsa
1636 2133 1879 2191 colebat
1906 2152 1919 2190 t

484 2243 564 2283 cn
588 2226 815 2282 iterum
842 2224 1058 2283 calcat.
1137 2224 1247 2282 tali
1276 2233 1342 2283 te
1369 2224 1619 2284 credere
1647 2232 1919 2283 monstro

480 2324 621 2394 post
646 2324 891 2393 patrem
910 2314 1291 2393 fratremque
1313 2335 1492 2393 paras
1518 2317 1541 2372 ?
1610 2315 1721 2373 sed
1748 2334 1974 2393 magna
2000 2314 2289 2393 rependit

482 2412 670 2485 inque
698 2416 872 2465 tuam
899 2416 1128 2466 sortem
1154 2427 1509 2466 numerosas
1537 2406 1851 2465 transtulit
1877 2407 2059 2464 urbes
2088 2406 2100 2464 l

485 2518 632 2577 ergo
658 2496 751 2556 fas
777 2502 979 2575 pretio
1006 2498 1190 2557 cedet
1216 2499 1239 2555 ?
1290 2497 1575 2555 mercede
1600 2496 1872 2574 placebit
2187 2505 2288 2553 260

483 2589 748 2668 proditio
775 2590 798 2646 ?
878 2595 1078 2658 tace0,
1104 2588 1253 2646 laesi
1282 2588 1448 2666 quod
1474 2585 1794 2665 transfuga
1819 2586 2022 2645 fratris
2029 2630 2044 2656 ,

486 2679 651 2758 quod
678 2678 826 2737 levis
851 2683 1120 2758 ingenio.
1200 2683 1477 2757 quamvis
1505 2679 1850 2737 discrimine
1876 2698 2113 2736 summo

485 2771 761 2851 proditor
788 2771 1078 2848 adportet
1106 2790 1399 2848 suspensa
1426 2778 1625 2828 morte
1653 2769 1917 2828 salutem

486 2882 825 2940 numquam
851 2870 1064 2940 gratus
1093 2865 1230 2919 erit.
1312 2860 1673 2920 damnamus
1700 2860 1836 2918 luce
1862 2868 2111 2937 reperta

623 2992 644 3024 ²
680 3008 794 3044 MSS.
823 2994 879 3043 in
903 2994 1109 3057 primog
1143 2992 1269 3042 Birt
1292 2998 1528 3056 suyyests
1555 2994 1738 3051 invito,
1766 2991 1914 3042 Koch
1939 2990 2151 3042 infirmo

573 3266 610 3329 6
1037 3191 1057 3222 ¹
1091 3188 1194 3241 See
1216 3193 1343 3242 note
1366 3206 1437 3242 on
1460 3192 1569 3242 viii.
1593 3193 1714 3242 401.

498 3278 522 3329 1
539 3278 562 3326 l
