2511 3938
1214 357 1663 418 oLAUDIAN

536 537 808 588 securuS,
837 521 1113 596 quamvis
1143 527 1209 577 et
1236 537 1385 596 opes
1415 526 1481 576 et
1507 537 1648 576 rura
1674 526 1966 577 tenerent

537 613 931 687 insignesque
1019 610 1231 669 domos
1259 611 1282 668 ?
1388 609 1537 668 levis
1622 609 1775 668 haec
1850 613 2086 668 iactura
2111 629 2127 679 ;
2230 629 2343 668 nec

693 720 987 778 umquam

537 790 781 867 publica
807 795 1084 868 privatae
1112 799 1429 849 cesserunt
1456 789 1777 848 commoda
1804 811 2047 850 causae.

538 880 759 940 dividis
785 886 1072 960 ingentes
1100 902 1275 940 curas
1304 890 1493 960 teque
1523 883 1803 940 omnibus
1831 901 2022 940 unum
2242 891 2342 940 300

535 974 743 1042 obiciS,
771 976 1089 1031 inveniens
1120 977 1324 1031 animo
1355 992 1514 1051 quae
1544 981 1756 1031 mente
1784 973 2081 1051 gerenda,

535 1063 801 1122 efficiens
829 1065 1133 1141 patranda
1161 1084 1370 1133 manu,
1397 1063 1631 1122 dictare
1658 1072 1912 1141 paratus

536 1175 695 1233 quae
715 1159 953 1232 scriptis
969 1155 1328 1233 peragenda
1341 1152 1565 1213 forent.
1624 1174 1783 1232 quae
1798 1155 2047 1213 brachia
2063 1164 2340 1226 centum,

534 1249 668 1323 quis
691 1246 972 1304 Briareus
997 1245 1126 1304 aliis
1149 1265 1405 1304 numero
1428 1254 1743 1303 crescente
1765 1245 2008 1304 lacertis

531 1343 632 1395 tot
662 1336 841 1395 simul
871 1338 1125 1395 obiectis
1156 1345 1367 1414 posset
1396 1335 1726 1414 confligere
1754 1337 1938 1394 rebus
1966 1356 1981 1394 2
2237 1346 2337 1395 305

533 1432 766 1486 evitare
794 1427 964 1487 dolos
991 1447 1006 1498 ;
1057 1437 1300 1487 veteres
1330 1428 1570 1485 firmare
1600 1427 1904 1497 cohorteS‚

531 1518 850 1596 explorare
879 1540 1066 1578 novas
1093 1538 1108 1588 3
1158 1519 1431 1596 duplices
1461 1519 1784 1596 disponere
1813 1518 2056 1588 classeS,

530 1629 689 1688 quae
716 1609 925 1688 fruges
954 1618 1063 1668 aut
1089 1610 1252 1668 bella
1278 1608 1483 1668 ferant
1509 1628 1524 1679 3
1575 1609 1876 1687 aulaeque
1904 1609 2243 1668 tumultum

530 1708 596 1758 et
627 1700 859 1758 Romae
889 1699 1081 1758 lenire
1110 1699 1344 1757 famem
1368 1700 1391 1757 ?
1472 1708 1626 1777 quot
1654 1700 1819 1757 nube
1851 1704 2082 1778 soporis
2188 1693 2197 1700 ’

525 1793 807 1848 inmunes
837 1791 994 1849 oculi
1022 1811 1134 1868 per
1163 1798 1261 1849 tot
1289 1789 1626 1848 discurrere
1654 1798 1886 1868 partes,
2232 1799 2333 1848 310

526 1895 624 1948 tot
649 1889 781 1948 loca
807 1889 1155 1948 sufficerent
1182 1898 1248 1948 et
1275 1898 1407 1948 tam
1432 1889 1767 1968 longinqua
1792 1893 1955 1948 tueri
1980 1891 2003 1947 ?

527 1980 765 2059 Argum
789 1979 957 2039 fama
983 1985 1150 2040 canit
1176 1990 1441 2040 centeno
1466 1981 1697 2040 lumine
1725 1985 1994 2040 cinctum

524 2075 788 2149 corporis
820 2073 1090 2130 excubiis
1121 2093 1308 2130 unam
1336 2092 1609 2130 servasse
1637 2076 1958 2130 iuvencam
1985 2073 1997 2130 ἱ

603 2161 786 2221 Unde
816 2171 914 2222 tot
943 2162 1189 2222 adlatae
1219 2171 1466 2241 segetes
1493 2164 1516 2220 ?
1598 2182 1757 2241 quae
1787 2163 1936 2221 silva
1964 2166 2201 2221 carinas

520 2257 728 2312 texuit
754 2255 776 2312 ?
857 2254 1022 2312 unde
1054 2254 1221 2312 rudis
1254 2262 1433 2312 tanto
1465 2257 1665 2312 tirone
1696 2257 1983 2312 iuventus
2226 2262 2326 2311 315

522 2348 773 2403 emicuit
802 2348 1096 2422 senioque
1124 2348 1354 2402 iterum
1383 2352 1681 2402 vernante
1711 2348 2043 2422 resumpsit

521 2435 720 2493 Gallia
746 2436 839 2493 bis
865 2433 1092 2494 fractas
1120 2435 1347 2512 Alpino
1374 2434 1625 2493 vulnere
1653 2438 1811 2493 vires
1839 2436 1862 2492 ?

519 2547 643 2585 non
669 2547 786 2606 ego
811 2526 1063 2597 dilectu,
1086 2526 1255 2606 Tyrii
1280 2527 1392 2586 sed
1415 2545 1662 2584 vomere
1689 2526 1905 2584 Cadmi

518 2624 651 2675 tam
680 2619 913 2676 subitas
945 2622 1105 2676 acies
1134 2625 1434 2696 concepto
1463 2616 1655 2675 dente
1685 2617 1961 2676 draconis

518 2708 802 2767 exiluisse
831 2728 970 2767 reor
997 2729 1011 2767 z
1064 2708 1340 2767 Dircaeis
1372 2707 1566 2786 qualis
1596 2712 1661 2765 in
1690 2711 1847 2766 arvis
2223 2716 2320 2765 320

515 2804 727 2858 messis
757 2821 896 2858 cum
924 2803 1170 2877 proprio
1199 2819 1344 2858 mox
1373 2798 1679 2857 bellatura
1707 2798 1919 2857 colono

515 2900 808 2969 cognatos
837 2894 1086 2949 strinxit
1113 2889 1371 2969 gladios,
1399 2910 1540 2948 cum
1568 2893 1800 2948 semine
1828 2893 1991 2948 iacto

513 2986 863 3060 terrigenae
894 2982 1076 3059 galea
1105 2989 1372 3039 matrem
1402 2990 1695 3039 nascente
1725 2979 1983 3039 ferirent

507 3147 696 3266 GgtlIn
739 3147 832 3198 the
874 3161 1012 3197 wars
1063 3145 1295 3210 against,
1341 3142 1706 3209 respectively,
1752 3143 2030 3208 Eugenius
2073 3141 2185 3194 and
2227 3142 2317 3193 the

637 3229 702 3265 is·

512 3291 628 3353 386
