2511 3938
1148 322 1594 384 CLAUDIAN

472 509 596 547 non
623 491 867 566 generis
896 487 1078 554 dono,
1107 505 1231 543 non
1259 483 1596 543 ambitione
1623 486 1877 560 potitus,

473 571 663 661 digna
689 582 814 660 legi
841 585 1055 640 virtus,
1135 578 1298 638 ultro
1327 598 1393 636 se
1421 597 1692 656 purpura
1720 576 1980 655 supplex

473 674 701 736 obtulit
731 684 797 735 et
826 674 987 735 solus
1016 678 1245 733 meruit
1276 692 1538 751 regnare
1567 681 1840 750 rogatus,

476 792 621 831 nam
649 792 789 830 cum
817 770 1130 829 barbaries
1156 771 1406 848 penitus
1434 776 1743 825 commota
1768 776 2126 845 gementem

476 870 752 926 inrueret
780 865 1122 943 Rhodopen
1151 873 1218 923 et
1244 867 1442 923 mixto
1469 864 1716 922 turbine
1744 871 1964 941 gentes
2217 870 2287 920 50

478 964 602 1021 iam
632 961 880 1020 deserta
907 979 1047 1017 suas
1073 961 1139 1016 in
1166 978 1277 1016 nos
1306 956 1769 1017 transfunderet
1796 958 2037 1028 ArctOS,

483 1055 752 1114 Danuvii
779 1062 953 1113 totae
981 1061 1304 1112 vomerent
1331 1073 1471 1111 cum
1497 1052 1729 1130 proelia
1756 1055 1948 1130 ripae,

482 1170 624 1208 cum
652 1148 886 1207 Geticis
911 1150 1130 1226 ingens
1156 1155 1544 1224 premeretur
1574 1146 1779 1226 Mysia
1804 1145 2090 1225 plaustris

483 1241 766 1320 flavaque
796 1241 1100 1301 Bistonios
1131 1244 1444 1319 operirent
1476 1244 1721 1319 agmina
1752 1261 2018 1319 campoS‚

485 1338 767 1397 omnibus
796 1335 1056 1396 adflictis
1087 1344 1155 1395 et
1180 1335 1282 1395 vel
1307 1335 1658 1394 labentibus
1686 1340 1814 1394 ictu
2222 1345 2292 1392 55

485 1432 586 1492 vel
609 1451 802 1510 prope
830 1434 1095 1490 casuris:
1137 1450 1295 1489 unus
1323 1439 1421 1489 tot
1446 1428 1666 1489 funera
1691 1439 1905 1489 contra

486 1530 719 1586 restitit
750 1529 1143 1604 extinxitque
1171 1524 1339 1584 faces
1370 1529 1654 1605 agrisque
1685 1525 1926 1584 colonos

398 1665 402 1669 -
486 1621 760 1679 reddidit
787 1629 853 1679 et
878 1619 991 1679 leti
1015 1622 1223 1697 rapuit
1248 1618 1328 1677 de
1354 1617 1632 1678 faucibus
1658 1621 1861 1679 urbes,

489 1714 657 1773 nulla
685 1713 900 1773 relicta
927 1712 1091 1773 foret
1121 1712 1381 1772 Romani
1409 1716 1669 1771 nominis
1699 1715 1936 1784 umbra,

489 1813 555 1869 ni
581 1818 764 1887 pater
790 1807 891 1866 ille
920 1817 1064 1868 tuus
1092 1811 1342 1867 iamiam
1369 1811 1606 1867 ruitura
1634 1809 1898 1867 subisset
2225 1817 2296 1866 60

491 1904 766 1983 pondera
794 1903 1233 1982 turbatamque
1262 1910 1463 1961 ratem
1490 1910 1784 1982 certaque
1812 1902 2076 1962 levasset

492 1996 883 2076 naufragium
912 2017 1236 2056 commune
1266 2018 1454 2055 manu
1483 2018 1496 2055 ε
1547 1996 1718 2056 velut
1747 1999 1959 2057 ordine
1989 2007 2172 2077 rupto

492 2111 634 2150 cum
659 2091 869 2170 procul
896 2095 1148 2150 insanae
1176 2090 1498 2149 traherent
1532 2090 1926 2152 Phaethonta
1957 2094 2299 2172 quadrigae

493 2188 881 2263 saeviretque
911 2186 1042 2244 dies
1070 2194 1425 2263 terramque
1456 2193 1521 2244 et
1550 2194 1772 2264 stagna
1798 2191 2123 2266 propinqui

494 2277 813 2338 haurirent
840 2280 1015 2350 radii,
1043 2279 1222 2338 solito
1250 2299 1392 2338 cum
1419 2300 1731 2338 murmure
1760 2285 1947 2340 torvis
2229 2291 2300 2341 65

495 2372 585 2432 sol
604 2377 866 2432 occurrit
886 2377 1058 2452 equis
1084 2392 1100 2444 ;
1142 2376 1247 2451 qui
1266 2382 1597 2452 postquam
1615 2395 1819 2433 rursus
1841 2374 2017 2435 eriles

499 2487 805 2546 agnovere
832 2487 1032 2537 sonoS,
1059 2468 1244 2527 rediit
1271 2466 1522 2526 meliore
1549 2473 1844 2548 magistro

497 2560 780 2619 machina
810 2569 1266 2639 concentusque
1297 2561 1442 2639 poli,
1473 2582 1806 2641 currusque
1836 2568 2074 2642 recepit

498 2658 821 2736 imperium
848 2653 1259 2734 flammaeque
1287 2656 1559 2716 modum.

1652 2750 1749 2810 Sic
1781 2753 2044 2812 traditus
2073 2753 2176 2812 ille

496 2852 898 2921 servatusque
928 2844 1169 2904 Oriens,
1249 2853 1315 2904 at
1343 2865 1467 2904 non
1492 2866 1634 2924 pars
1663 2845 1859 2906 altera
1884 2869 2090 2907 rerum
2233 2859 2305 2908 70

496 2937 729 2995 tradita
755 2956 770 2995 ε
818 2937 912 2995 bis
939 2957 1219 3015 possessa
1245 2958 1455 3009 manu,
1482 2939 1576 2997 bis
1603 2948 1784 3018 parta
1809 2942 2070 3019 periclis.

494 3051 608 3112 per
632 3033 867 3090 varium
893 3036 1124 3110 gemini
1151 3032 1346 3092 scelus
1375 3053 1631 3112 erupere
1658 3040 1907 3114 tyranni

496 3125 795 3185 tractibus
826 3126 1090 3187 occiduis
1118 3146 1132 3185 :
1186 3127 1347 3186 hunc
1378 3148 1562 3187 saeva
1591 3128 1909 3191 Britannia
1937 3129 2100 3190 fudit
2125 3151 2141 3202 ;

499 3256 617 3316 290
