2511 3938
1149 306 1597 367 CLAUDIAN

473 468 703 529 stellati
731 472 963 546 pariter
989 472 1206 526 crines.
1284 472 1457 527 iuvat
1482 471 1615 545 ipse
1643 467 1989 526 Tonantem

475 570 641 610 error
672 560 737 609 et
767 551 1093 628 ambiguae
1122 549 1329 627 placet
1355 553 1704 628 ignorantia
1733 553 1914 607 matri
1941 568 1957 620 ;
2178 557 2281 606 210

474 634 737 692 Eurotas
765 635 1038 709 proprios
1067 632 1413 690 discernere
1442 634 1640 690 nescit
1668 631 1965 690 alumnos,

554 713 646 773 Ut
671 715 887 773 domus
915 717 1161 791 excepit
1184 713 1463 783 reduceS,
1486 713 1573 771 ibi
1599 712 1747 771 talia
1773 721 1980 772 tecum
2037 723 2056 737 ’

477 817 589 874 pro
615 816 820 854 rerum
846 794 1050 854 stabili
1076 793 1274 853 fertur
1299 794 1537 853 dicione
1562 794 1801 853 locutus
1830 815 1843 853 ε

556 886 592 914 “
619 878 682 936 Si
711 878 825 936 tibi
857 877 1218 937 Parthorum
1251 875 1469 935 solium
1500 876 1772 935 Fortuna
1801 875 2093 946 dedisset,

478 979 618 1018 care
648 979 823 1036 puer,
854 962 1158 1036 terrisque
1187 957 1400 1036 procul
1429 957 1815 1016 venerandus
1846 958 1990 1016 Eois
2176 966 2279 1015 215

477 1042 772 1100 barbarus
800 1041 1051 1099 Arsacio
1077 1049 1477 1119 consurgeret
1503 1059 1608 1099 ore
1636 1043 1822 1098 tiaras
1850 1060 1864 1098 t

477 1123 782 1181 sufficeret
810 1121 1070 1181 sublime
1100 1141 1296 1200 genus
1326 1121 1598 1200 luxuque
1628 1120 1926 1180 fluentem

480 1204 693 1263 deside
721 1203 1008 1263 nobilitas
1034 1212 1246 1281 posset
1273 1212 1339 1262 te
1367 1203 1495 1262 sola
1521 1207 1704 1263 tueri.

479 1287 676 1346 altera
704 1286 1018 1344 Romanae
1046 1284 1229 1364 longe
1254 1286 1594 1344 rectoribus
1622 1284 1800 1344 aulae

477 1368 772 1427 condicio,
851 1371 1081 1426 virtute
1114 1367 1319 1437 decet,
1350 1388 1473 1426 non
1504 1370 1803 1446 sanguine
1834 1370 1970 1425 niti.
2180 1374 2284 1423 220

480 1454 671 1508 maior
701 1458 767 1508 et
795 1448 1000 1508 utilior
1026 1448 1158 1509 fato
1187 1453 1512 1508 coniuncta
1538 1452 1804 1527 potenti,

478 1531 598 1590 vile
627 1531 827 1590 latens
856 1535 1069 1589 virtus,
1149 1530 1300 1609 quid
1329 1531 1538 1589 enim?
1609 1531 1927 1589 submersa
1955 1531 2229 1589 tenebris

479 1613 755 1692 proderit
784 1613 1039 1671 obscuro
1069 1612 1261 1671 veluti
1290 1616 1422 1670 sine
1450 1615 1687 1691 remige
1715 1616 1939 1690 puppis

479 1694 578 1753 vel
601 1694 735 1773 lyra
760 1713 920 1773 quae
946 1697 1169 1752 reticet
1193 1693 1292 1752 vel
1317 1698 1422 1773 qui
1447 1714 1571 1753 non
1596 1694 1874 1753 tenditur
1899 1713 2093 1752 arcus,

558 1786 595 1812 ‘⁸
616 1775 799 1834 Hanc
838 1784 1051 1834 tamen
1084 1775 1251 1834 haud
1289 1779 1634 1854 quisquam,
1668 1779 1774 1854 qui
1806 1796 1931 1834 non
1963 1777 2286 1854 agnoverit

635 1866 782 1915 ante
2180 1864 2284 1914 225

480 1948 681 1998 semet
710 1947 776 1998 et
800 1942 1066 1998 incertos
1095 1942 1281 1997 animi
1307 1938 1642 2018 placaverit
1669 1948 1897 2010 aestuS‚

481 2025 758 2080 inveniet
783 2039 799 2090 3
839 2021 1036 2099 longis
1064 2020 1207 2080 illuc
1236 2023 1600 2100 ambagibus
1627 2026 1772 2080 itur.

482 2102 648 2162 disce
676 2104 830 2173 orbi,
858 2103 1024 2181 quod
1051 2107 1311 2181 quisque
1338 2104 1472 2163 sibi.
1544 2123 1685 2161 cum
1707 2103 2005 2162 conderet
2036 2111 2205 2161 artus

482 2194 742 2255 nostroS‚
773 2184 1062 2248 aetheriis
1092 2189 1353 2243 miscens
1383 2193 1652 2256 terrena,
1684 2183 2109 2255 PrometheuS,

481 2270 781 2325 sinceram
808 2270 970 2344 patri
998 2275 1277 2325 mentem
1303 2265 1542 2325 furatus
1573 2266 1840 2346 Olympo
2182 2274 2286 2324 230

481 2352 787 2407 continuit
814 2347 1091 2407 claustris
1116 2348 1670 2426 indignantemque
1697 2351 1964 2407 revinxit

485 2439 573 2500 et,
601 2451 741 2488 cum
768 2450 892 2489 non
919 2429 1098 2488 aliter
1123 2438 1378 2508 possent
1404 2429 1687 2488 mortalia
1715 2430 1884 2508 fingi,

482 2512 765 2570 adiunxit
794 2515 1093 2589 geminaS.
1169 2510 1312 2569 illae
1343 2531 1484 2570 cum
1514 2531 1765 2589 corpore
1797 2511 2005 2589 lapsae

478 2597 817 2662 intereunt,
845 2592 997 2651 haec
1024 2592 1152 2651 sola
1177 2601 1392 2652 manet
1417 2594 1725 2671 bustoque
1753 2601 2064 2670 superstes

483 2674 707 2733 evolat.
784 2673 944 2733 hanc
972 2673 1099 2733 alta
1128 2678 1345 2752 capitis
1374 2673 1658 2733 fundavit
1685 2678 1749 2733 in
1779 2694 1918 2733 arce
2182 2682 2287 2732 235

482 2755 926 2814 mandatricem
959 2776 1214 2834 operum
1246 2766 1835 2836 prospecturamque
1869 2755 2099 2826 labori;

548 2975 568 3005 ¹
603 2973 870 3026 Claudian
911 2974 1037 3025 here
1071 2973 1279 3026 follows
1317 2975 1411 3026 the
1455 2974 1700 3027 Platonic
1737 2974 2073 3042 psychology
2109 2974 2288 3027 which

481 3040 688 3092 divides
720 3040 813 3091 the
845 3039 964 3091 soul
1008 3042 1120 3091 into
1153 3044 1210 3090 τὸ
1257 3045 1615 3104 ἐπιθυμητικόν,
1657 3046 1713 3092 τὸ
1750 3044 2003 3103 θυμοειδές,
2043 3041 2136 3092 the
2178 3046 2288 3093 two

480 3106 546 3224 g}
584 3210 597 3224 .
622 3107 801 3238 {ngissas
818 3105 875 3173 ’')
899 3105 1056 3157 baser
1077 3105 1353 3167 elements‚
1376 3105 1485 3158 and
1509 3109 1566 3157 τὸ
1598 3111 1879 3170 λογιστικόν
1912 3106 2027 3172 (the
2049 3112 2085 3136 ‘⁶
2100 3106 2237 3159 haec
2252 3106 2287 3130 ’‘

485 3258 601 3310 302
