2511 3938
1172 306 1621 367 CLAUDIAN

497 475 562 529 in
588 469 783 528 scelus
810 487 827 538 ;
875 468 956 527 ad
980 487 1180 526 mores
1206 466 1400 526 facilis
1427 475 1649 525 natura
1674 472 1921 527 reverti.
2205 475 2303 531 15'5

495 569 582 623 sic
609 573 713 623 eat
739 584 754 623 ι
800 567 865 621 in
891 572 1099 622 nostro
1126 562 1374 640 quando
1398 565 1523 619 iam
1549 561 1744 620 milite
1769 564 1955 622 robur

496 663 732 738 torpuit
760 667 825 717 et
851 656 1016 717 molli
1044 657 1259 715 didicit
1284 676 1502 734 parere
1530 660 1844 735 magistrO,

495 753 766 813 vindicet
793 753 1055 810 Arctous
1082 750 1339 809 violatas
1368 751 1606 809 advena
1631 749 1838 830 leges;

495 848 758 906 barbara
783 846 1059 905 Romano
1086 853 1442 904 succurrant
1468 865 1638 903 arma
1662 846 1945 923 pudori.''

574 941 672 1001 Sic
697 939 863 1000 fatus
890 940 1107 1018 clipeo,
1135 948 1438 1017 quantum
1464 942 1565 997 vix
1591 943 1723 1017 ipse
1752 941 2007 1001 deorum
2202 956 2300 1005 160

498 1037 729 1095 arbiter
753 1034 980 1094 infesto
1007 1055 1146 1094 cum
1171 1037 1444 1112 percutit
1471 1034 1692 1112 aegida
1717 1037 1947 1108 nimbo,

497 1134 787 1190 intonuit.
866 1139 1187 1208 responsat
1214 1128 1413 1187 Athos
1443 1127 1841 1209 Haemusque
1867 1138 2136 1213 remugit
2162 1156 2178 1207 ;

497 1228 841 1304 ingeminat
865 1245 1118 1284 raucum
1145 1223 1443 1301 Rhodope
1470 1244 1761 1283 concussa
1786 1225 2110 1306 fragorem.

497 1340 724 1379 cornua
750 1340 903 1378 cana
929 1318 1073 1398 gelu
1099 1318 1462 1376 mirantibus
1491 1319 1715 1379 extulit
1743 1322 1919 1381 undis

499 1414 744 1472 Hebrus
763 1422 829 1472 et
848 1432 1196 1491 exanguem
1212 1411 1408 1490 glacie
1427 1415 1610 1471 timor
1628 1414 1862 1494 adligat
1880 1416 2179 1477 Histrum.
2203 1414 2305 1476 165'

498 1515 669 1577 tunc,
695 1507 1026 1566 adamante
1051 1525 1304 1585 gravem
1329 1507 1627 1585 nodisque
1659 1512 2002 1588 rigentibus
2035 1513 2301 1586 hastam,

495 1602 693 1660 telum
718 1605 936 1679 ingens
963 1599 1235 1677 nullique
1264 1599 1383 1658 deo
1407 1599 1750 1672 iaculabile,
1778 1608 1975 1663 torsit.

496 1697 566 1755 fit
593 1696 721 1755 late
748 1699 945 1773 ruptis
971 1699 1071 1753 via
1097 1695 1362 1753 nubibus
1390 1713 1405 1763 ;
1451 1693 1556 1752 illa
1580 1715 1693 1773 per
1720 1718 1897 1757 auras

492 1798 593 1849 tot
617 1789 801 1859 freta,
829 1797 928 1848 tot
954 1796 1196 1846 montes
1224 1808 1348 1863 uno
1374 1797 1670 1848 contenta
1696 1786 1904 1851 volatu

492 1885 760 1944 transilit
788 1891 854 1942 et
882 1882 1187 1961 Phrygiae
1214 1882 1432 1940 mediis
1462 1882 1752 1962 adfigitur
1778 1891 1953 1946 arvis.
2203 1899 2301 1949 170

494 1984 687 2039 sensit
714 1980 934 2038 humus
962 1996 978 2047 ;
1026 1980 1267 2056 gemuit
1294 1976 1540 2056 Nysaeo
1566 1979 1822 2056 palmite
1849 1981 1997 2042 felix

498 2076 764 2134 Hermus
793 2082 860 2132 et
887 2081 1105 2131 aurata
1132 2070 1416 2130 Pactolus
1442 2072 1744 2133 inhorruit
1770 2097 1923 2136 urna

496 2177 756 2248 totaque
784 2170 1116 2227 summissis
1143 2165 1448 2225 fleverunt
1476 2167 1790 2247 Dindyma
1817 2169 1997 2230 silvis,

577 2264 706 2322 Nec
733 2263 852 2321 dea
876 2264 1249 2339 praemissae
1278 2261 1602 2319 stridorem
1629 2268 1875 2340 segnius
1902 2265 2118 2326 hastae

497 2361 913 2435 consequitur,
939 2364 1315 2433 centumque
1343 2359 1470 2414 vias
1498 2357 1802 2416 meditata
1827 2362 2087 2420 nocendi
2206 2372 2307 2421 175

497 2453 755 2512 tandem
780 2450 1157 2528 Tarbigilum
1186 2438 1479 2528 (Geticae
1499 2450 1624 2509 dux
1651 2454 1964 2534 improbus
1992 2454 2125 2514 alae
2148 2457 2173 2495 1

497 2548 596 2606 hic
624 2545 782 2622 erat)
811 2545 1189 2623 adgreditur.
1269 2547 1396 2602 viso
1423 2553 1558 2603 tum
1584 2544 1745 2605 forte
1771 2548 2015 2608 redibat

500 2643 798 2719 Eutropio
825 2660 1051 2698 vacuus
1078 2640 1274 2708 doniS,
1299 2637 1637 2718 feritasque
1665 2642 1872 2701 dolore

502 2743 781 2796 creverat
808 2744 894 2803 et,
922 2737 1151 2793 teneris
1181 2737 1371 2791 etiam
1399 2754 1559 2812 quae
1586 2739 1838 2795 crimina
1864 2739 2086 2798 suadet

646 2841 667 2872 ²
698 2839 819 2892 alae
837 2839 1091 2891 Rubenus
1105 2858 1128 2899 ,·
1160 2854 1276 2890 MSS.
1299 2837 1573 2905 (followed
1595 2841 1660 2906 by
1681 2841 1828 2909 Birt)
1851 2844 1982 2895 have
2003 2844 2162 2897 aulae

567 2989 589 3020 ¹
624 2986 850 3039 Alludin
917 2992 975 3037 to
1003 2987 1096 3037 the
1125 2986 1341 3036 Roman
1369 2992 1580 3038 custom
1609 2988 1672 3038 of
1694 2992 1907 3054 casting
1934 3008 1969 3041 a
1997 3008 2156 3057 spear
2185 3010 2248 3046 as
2277 3013 2314 3047 a

493 3056 617 3121 sign
640 3053 703 3105 of
718 3055 813 3105 the
874 3052 1165 3103 eclaration
1188 3052 1251 3101 of
1269 3067 1381 3101 war
1400 3071 1415 3110 ς
1457 3052 1529 3118 of.
1554 3053 1716 3113 Ovid,
1738 3054 1912 3116 Fasti,
1936 3060 2008 3108 vi.
2030 3061 2208 3109 20¹7—

860 3130 978 3169 Hinc
995 3127 1109 3168 solet
1126 3127 1258 3168 hasta
1274 3138 1408 3168 manu
1426 3128 1530 3169 belli
1551 3133 1812 3180 praenuntia
1829 3134 1952 3174 mitti

900 3181 951 3220 In
970 3191 1115 3231 regem
1132 3180 1179 3220 et
1195 3180 1349 3229 gentes
1367 3190 1468 3219 cum
1486 3181 1632 3231 placet
1648 3193 1770 3222 arma
1787 3185 1899 3234 capi.

500 3245 615 3314 196

2457 2858 2468 3139 1
