2511 3938
441 3300 557 3350 232

1128 330 1577 389 CLAUDIAN

679 493 813 568 quis
843 509 987 548 vero
1018 491 1250 548 acerbis
1281 489 1577 550 horridior
1607 489 1869 570 Scythis,

678 575 813 649 quis
840 570 1162 630 beluarum
1188 572 1372 630 corde
1398 571 1720 642 furentior,

678 656 803 731 qui,
833 674 974 711 cum
1001 657 1335 711 micantem
1364 662 1431 712 te
1459 674 1651 732 prope
1681 654 1924 722 viderit,

678 755 802 793 non
826 743 1006 813 optet
1031 734 1192 794 ultro
1217 738 1534 794 servitium
1559 739 1712 812 pati,

678 820 784 894 qui
812 837 936 874 non
963 825 1215 876 catenas
1246 818 1511 895 adripiat
1537 816 1734 875 libens

677 897 953 976 colloque
981 907 1196 976 poscat
1223 898 1464 957 vincula
1492 898 1684 958 libero
1711 900 1734 957 ?

678 986 749 1037 tu
780 984 829 1037 si
858 980 1070 1038 nivalis
1099 1000 1212 1057 per
1237 983 1385 1058 iuga
1416 981 1671 1039 Caucasi

679 1079 891 1120 saevas
918 1066 1179 1138 petisses
1205 1061 1462 1140 pulcher
1489 1064 1854 1132 AmazonaS‚

677 1142 916 1221 peltata
944 1163 1184 1222 pugnas
1214 1143 1532 1203 desereret
1560 1143 1772 1203 cohors

678 1242 829 1283 sexu
859 1234 1110 1302 recepto
1138 1244 1153 1295 ;
1203 1228 1397 1303 patris
1429 1235 1495 1284 et
1522 1230 1822 1284 inmemor

676 1309 840 1364 inter
867 1305 1206 1366 frementes
1238 1307 1578 1386 Hippolyte
1608 1309 1791 1366 tubas

677 1391 954 1446 strictam
981 1392 1242 1447 securim
1270 1388 1562 1467 languida
1586 1397 1850 1467 poneret

678 1478 744 1528 et
773 1471 1091 1529 seminudo
1118 1480 1371 1548 pectore
1401 1470 1712 1549 cingulum

675 1550 819 1609 forti
847 1561 1146 1630 negatum
1173 1551 1439 1611 solveret
1467 1552 1738 1623 Herculi,

675 1633 1027 1711 bellumque
1056 1633 1215 1692 solus
1243 1634 1574 1693 conficeret
1600 1635 1802 1693 decor.

790 1714 1006 1785 Beata,
1035 1735 1194 1793 quae
1224 1724 1291 1774 te
1319 1736 1464 1774 mox
1492 1715 1680 1774 faciet
1707 1719 1899 1774 virum

673 1798 1005 1874 primisque
1037 1817 1172 1855 sese
1203 1801 1423 1876 iunget
1454 1799 1781 1856 amoribus·

1184 2090 1270 2148 11.
1313 2091 1510 2166 (XII.)

753 2222 892 2299 Age
923 2231 1144 2280 cuncta
1173 2222 1435 2299 nuptiali

903 2303 1189 2361 redimita
1220 2324 1365 2363 vere
1398 2303 1579 2363 tellus

902 2384 1144 2443 celebra
1175 2394 1340 2444 toros
1372 2384 1549 2443 eriles
1576 2405 1591 2455 3

751 2486 1175 2525 omnenemus
1202 2488 1343 2525 cum
1370 2466 1587 2536 fluviiS‚

904 2567 1084 2606 omne
1115 2557 1299 2607 canat
1327 2548 1700 2627 profundum

750 2629 1005 2707 Ligures
1029 2629 1238 2689 favete
1265 2634 1485 2708 campi,

901 2711 1127 2770 Veneti
1156 2710 1365 2771 favete
1395 2721 1660 2781 monteS,

901 2795 1240 2871 subitisque
1274 2813 1340 2852 se
1370 2797 1587 2852 rosetis

825 2878 1051 2933 vestiat
1079 2874 1338 2951 Alpinus
1369 2895 1528 2953 apex

903 2964 968 3014 et
995 2958 1263 3014 rubeant
1291 2961 1568 3034 pruinae.

747 3037 996 3096 Athesis
1027 3046 1267 3114 strepat
1296 3038 1529 3096 choreis

898 3118 1269 3197 calamisque
1297 3119 1602 3178 flexuosus

898 3200 1032 3258 leve
1065 3200 1330 3260 Mincius
1358 3210 1631 3259 susurret

2187 987 2253 1035 30

2185 1397 2252 1445 35

2182 1725 2250 1772 40

2179 2965 2242 3015 10
