2511 3938
1149 331 1597 391 CLAUDIAN

474 495 734 551 exitium
759 511 1083 551 commune
1110 491 1287 551 dabit
1312 511 1428 551 nec
1454 494 1707 551 territus
1735 498 1882 549 ante
2211 496 2285 545 20

472 581 785 641 discedam
812 603 826 641 :
875 602 1015 641 cum
1040 581 1176 640 luce
1205 581 1385 640 simul
1408 580 1745 659 linquenda
1769 576 2112 658 potestaS.”

552 671 726 731 Haec
751 671 939 742 fatuS,
967 676 1167 731 ventis
1194 672 1388 730 veluti
1414 675 1465 730 si
1490 670 1667 730 frena
1692 670 1959 729 resolvat

474 761 726 832 AeoluS,
754 762 1019 840 abrupto
1045 770 1268 840 gentes
1295 765 1379 820 sic
1406 762 1579 820 obice
1605 759 1770 820 fudit

472 850 829 930 laxavitque
855 855 1018 909 viam
1044 850 1218 910 bellis
1249 861 1335 922 et,
1363 871 1569 930 nequa
1593 859 1877 910 maneret

472 944 740 1000 inmunis
766 945 958 1021 regio,
985 940 1225 1001 cladem
1252 942 1459 1001 divisit
1483 946 1547 1000 in
1575 942 1788 1000 orbem
2214 947 2285 995 25

476 1031 900 1110 disposuitque
926 1030 1122 1091 nefas,
1203 1032 1305 1089 alii
1330 1052 1443 1110 per
1468 1041 1648 1110 terga
1673 1030 1892 1090 ferocis

478 1121 746 1180 Danuvii
772 1121 1033 1180 solidata
1059 1129 1247 1180 ruunt
1276 1130 1658 1199 expertaque
1685 1141 1885 1179 remos

475 1209 777 1289 frangunt
799 1219 1022 1289 stagna
1047 1215 1196 1270 rotis
1223 1229 1239 1281 3
1289 1211 1390 1269 alii
1414 1230 1528 1289 per
1554 1210 1776 1288 Caspia
1801 1209 2066 1269 claustra

477 1301 926 1378 Armeniasque
953 1304 1122 1359 nives
1149 1304 1399 1378 inopino
1425 1304 1676 1359 tramite
1704 1301 1874 1360 ducti

475 1391 778 1469 invadunt
805 1391 1077 1450 Orientis
1104 1410 1274 1469 opes.
1353 1394 1476 1448 iam
1501 1411 1730 1468 pascua
1755 1389 2000 1448 fumant
2215 1398 2285 1447 30

479 1481 914 1559 Cappadocum
939 1480 1377 1558 volucrumque
1403 1500 1626 1558 parens
1654 1481 1934 1559 Argaeus
1964 1499 2287 1558 equorum,

477 1573 602 1628 iam
628 1570 814 1629 rubet
841 1570 1001 1629 altus
1030 1569 1224 1649 Halys
1251 1590 1367 1628 nec
1394 1590 1460 1628 se
1489 1569 1771 1629 defendit
1795 1573 2006 1648 iniquo

478 1668 692 1719 monte
721 1659 901 1719 Cilix.
960 1659 1191 1739 ‚Syriae
1218 1668 1453 1719 tractus
1480 1668 1802 1719 vastantur
1828 1663 2069 1718 amoeni

480 1750 933 1827 adsuetumque
960 1749 1157 1808 choris
1185 1757 1251 1808 et
1277 1748 1446 1807 laeta
1469 1749 1654 1826 plebe
1681 1770 1972 1809 canorum

479 1842 744 1917 proterit
768 1838 1082 1897 imbellem
1108 1842 1351 1916 sonipes
1379 1838 1613 1897 hostilis
1643 1838 1964 1899 Orontem.
2220 1848 2287 1896 35

480 1931 622 1990 hinc
646 1929 929 2009 planctus
957 1930 1143 1989 Asiae
1169 1949 1185 2001 ;
1236 1930 1469 1991 Geticis
1496 1931 1745 2010 Europa
1771 1935 2031 1992 catervis

480 2024 742 2083 ludibrio
767 2023 1161 2101 praedaeque
1190 2023 1376 2083 datur
1400 2023 1743 2085 frondentis
1772 2026 1853 2085 ad
1879 2045 2072 2103 usque

484 2116 836 2175 Dalmatiae
865 2116 1017 2175 fines
1044 2137 1059 2175 ε
1108 2121 1305 2176 omnis
1332 2138 1492 2196 quae
1518 2120 1745 2179 mobile
1773 2118 1955 2178 Ponti

484 2230 714 2288 aequor
741 2220 808 2269 et
833 2210 1127 2269 Adriacas
1155 2210 1338 2270 tellus
1364 2214 1691 2272 interiacet
1718 2213 1913 2271 undas

483 2302 727 2382 squalet
751 2308 927 2381 inops
952 2305 1284 2381 pecudum,
1311 2306 1489 2364 nullis
1516 2306 1799 2366 habitata
1825 2306 2072 2375 coloniS,
2220 2315 2287 2363 40

480 2401 675 2460 instar
702 2396 1046 2456 anhelantis
1078 2397 1336 2477 Libyae,
1364 2419 1524 2477 quae
1551 2400 1783 2464 torrida
1809 2419 2054 2478 semper

483 2491 709 2550 solibus
737 2492 1006 2551 humano
1033 2496 1230 2551 nescit
1255 2513 1684 2552 mansuescere
1711 2494 1902 2553 cultu,

480 2581 807 2641 Thessalus
837 2581 1014 2641 ardet
1042 2602 1190 2660 ager
1215 2600 1231 2651 ;
1279 2586 1503 2642 reticet
1527 2592 1776 2661 pastore
1802 2583 2021 2663 fugato

486 2672 740 2744 Pelion;
788 2673 1108 2733 Emathias
1134 2678 1293 2753 ignis
1319 2675 1651 2752 populatur
1669 2680 1914 2736 aristas,
2025 2749 2028 2752 Ι

484 2787 630 2824 nam
649 2766 836 2845 plaga
864 2766 1216 2826 Pannoniae
1235 2770 1708 2847 miserandaque
1723 2774 1970 2829 moenia
1986 2771 2287 2829 Thracum

486 2879 754 2937 arvaque
784 2860 1106 2939 Mysorum
1131 2865 1257 2919 iam
1284 2861 1432 2920 nulli
1459 2862 1663 2922 flebile
1691 2864 2007 2935 damnum,
2222 2873 2286 2922 46

486 2952 598 3010 sed
623 2973 832 3011 cursus
860 2951 1166 3012 sollemnis
1196 2964 1332 3013 erat
1358 2976 1734 3037 campusque
1760 2957 1951 3017 furori

486 3047 822 3122 exposituS,
849 3064 1219 3123 sensumque
1246 3047 1422 3106 malis
1450 3048 1810 3110 detraxerat
1837 3072 2000 3110 usus,

485 3136 646 3195 eheu
675 3157 861 3217 quam
886 3137 1172 3197 brevibus
1198 3149 1466 3216 pereunt
1490 3145 1772 3221 ingentia
1796 3143 1941 3203 fatis
1969 3143 1982 3202 Ξ

486 3252 566 3314 60
