2511 3938
1058 1000 1652 1061 PANEGYRICUS

495 1096 611 1154 DE
632 1095 939 1156 TERTIO
963 1096 1469 1157 CONSULATU
1494 1095 1858 1156 HONORII
1882 1088 2257 1154 AUGUSTI

1144 1256 1573 1311 PRAEFATIO

1275 1406 1356 1485 (V
1360 1406 1435 1485 1.)

455 1562 678 1622 Parvos
705 1584 829 1622 non
855 1563 1071 1643 aquilis
1097 1563 1190 1623 fas
1220 1573 1317 1623 est
1345 1565 1607 1623 educere
1632 1562 1799 1622 fetus

531 1663 679 1713 ante
711 1654 897 1713 fidem
927 1655 1066 1713 solis
1096 1656 1513 1734 iudiciumque
1543 1655 1689 1733 poli.

454 1765 599 1802 nam
627 1753 827 1822 pater,
860 1765 1113 1803 excusso
1144 1745 1328 1804 saluit
1357 1766 1498 1804 cum
1527 1749 1804 1824 tegmine
1833 1742 2033 1822 proles

531 1854 769 1913 ovaque
798 1844 1112 1895 maternus
1142 1841 1312 1914 rupit
1339 1836 1540 1895 hiulca
1569 1845 1769 1915 tepor,

451 1930 728 2005 protinus
757 1925 1081 2005 implumes
1112 1931 1416 1987 convertit
1446 1928 1525 1987 ad
1555 1927 1811 1988 aethera
1840 1926 2013 1985 nidos

532 2026 599 2076 et
624 2026 794 2077 recto
821 2017 1098 2077 flammas
1124 2023 1392 2098 imperat
1419 2040 1524 2078 ore
1549 2023 1703 2097 pati.

454 2108 716 2167 consulit
744 2108 1034 2168 ardentes
1062 2110 1264 2169 radios
1296 2118 1363 2169 et
1389 2109 1526 2168 luce
1556 2113 1852 2189 magistra

529 2208 815 2259 natorum
848 2203 1006 2259 vires
1038 2204 1482 2280 ingeniumque
1515 2201 1758 2279 probat.

454 2288 831 2370 degenerem
858 2290 1076 2370 refugo
1105 2296 1286 2351 torsit
1314 2295 1420 2370 qui
1448 2291 1678 2349 lumine
1707 2294 1925 2359 visum,

529 2383 836 2461 unguibus
866 2381 1029 2441 hunc
1057 2386 1253 2441 saevis
1282 2386 1373 2441 ira
1401 2390 1665 2461 paterna
1692 2379 1858 2440 ferit.

455 2473 872 2551 exploratores
900 2473 1085 2533 oculis
1113 2479 1219 2552 qui
1244 2473 1504 2552 pertulit
1527 2477 1704 2552 ignes

530 2568 943 2643 sustinuitque
974 2568 1104 2623 acie
1132 2564 1428 2624 nobiliore
1458 2565 1645 2635 diem,

453 2658 723 2714 nutritur
750 2654 1184 2734 volucrumque
1211 2665 1435 2734 potens
1466 2663 1532 2714 et
1558 2653 1827 2713 fulminis
1856 2653 2055 2723 heres,

530 2754 815 2825 gesturus
845 2766 1083 2805 summo
1111 2746 1239 2805 tela
1267 2746 1517 2805 trisulca
1546 2745 1697 2806 Iovi.

453 2857 552 2895 me
583 2857 828 2916 quoque
858 2836 1069 2896 Pieriis
1096 2847 1477 2916 temptatum
1504 2841 1747 2916 saepius
1776 2839 1966 2896 antris

530 2927 721 2987 audet
748 2947 975 3006 magna
1004 2948 1113 2987 suo
1142 2932 1394 2988 mittere
1424 2929 1620 2988 Roma
1648 2927 1787 2987 deo.

451 3021 577 3077 iam
602 3019 879 3078 dominas
908 3038 1106 3089 aures»,
1131 3023 1258 3078 iam
1283 3024 1456 3099 regia
1482 3028 1653 3079 tecta
1678 3037 1987 3077 meremur

530 3118 597 3169 et
624 3109 834 3189 chelys
863 3110 1149 3189 Augusto
1176 3110 1379 3170 iudice
1408 3118 1620 3169 nostra
1648 3118 1847 3169 sonat.

452 3280 567 3341 268

2192 2387 2257 2436 10

2192 2844 2257 2892 15
