2511 3938
1187 244 1636 305 CLAUDIAN

508 408 832 484 praevenit
855 409 1104 484 ingenio
1126 424 1141 475 3
1189 425 1305 464 nec
1329 405 1467 483 plus
1494 424 1777 463 sermone
1803 405 2085 463 morabor
2112 424 2127 462 ε
2221 415 2325 464 110

508 488 671 546 solus
698 487 889 546 habet
915 487 1214 546 scelerum
1241 486 1542 564 quidquid
1565 486 1948 563 possedimus
1975 506 2210 545 omneS.

510 568 672 628 hunc
701 589 839 648 ego,
866 572 916 627 si
942 577 1184 627 vestrae
1210 588 1309 626 res
1338 576 1435 626 est
1461 568 1856 626 accommoda
1881 568 2123 637 turbae,

509 650 783 729 regalem
811 651 892 709 ad
918 653 1138 709 summi
1163 650 1500 728 producam
1524 652 1814 727 principis
1842 648 2063 707 aulam.

507 736 588 791 sit
614 732 760 791 licet
785 735 918 810 ipse
947 732 1151 789 Numa
1176 734 1438 809 gravior,
1464 734 1545 789 sit
1572 731 1841 808 denique
1871 730 2096 800 MinoS‚

506 815 691 873 cedet
719 823 786 873 et
809 813 1042 872 insidiis
1067 816 1263 871 nostri
1288 812 1575 871 flectetur
1601 809 1896 870 alumni.’'
2214 821 2319 871 115

584 896 887 955 Orantem
911 898 1191 973 sequitur
1214 893 1443 952 clamor
1466 901 1851 971 cunctaeque
1874 891 2161 971 profanas

504 996 834 1053 porrexere
861 997 1079 1035 manus
1104 980 1482 1053 inventaque
1509 978 1712 1034 tristia
1736 973 2013 1033 laudant.

503 1057 608 1116 illa
634 1059 738 1116 ubi
765 1057 1047 1117 caeruleo
1074 1066 1280 1116 vestes
1307 1060 1599 1115 conexuit
1625 1076 1829 1135 angue

502 1140 878 1217 nodavitque
907 1140 1239 1198 adamante
1268 1158 1494 1207 comas,
1524 1136 1981 1216 Phlegethonta
2005 1157 2297 1197 sonorum

501 1224 699 1298 poscit
726 1229 793 1279 et
819 1221 1104 1279 ambusto
1130 1219 1448 1298 flagrantis
1477 1220 1555 1277 ab
1583 1239 1813 1298 aggere
1839 1223 2010 1297 ripae
2210 1229 2311 1278 120

500 1305 821 1380 ingentem
846 1305 1023 1380 piceo
1050 1301 1368 1360 succendit
1393 1304 1641 1379 gurgite
1666 1304 1882 1378 pinum

498 1387 798 1461 pigraque
826 1382 1065 1442 veloces
1090 1403 1205 1460 per
1229 1383 1488 1440 Tartara
1514 1385 1790 1441 concutit
1818 1382 1964 1440 alaS.

576 1466 690 1524 Est
715 1464 882 1523 locus
911 1473 1260 1523 extremum
1285 1464 1506 1541 pandit
1533 1483 1656 1541 qua
1684 1462 1882 1521 Gallia
1906 1463 2052 1521 litus

499 1546 732 1605 Oceani
758 1554 1122 1623 praetentus
1152 1549 1346 1623 aquiS‚
1374 1546 1478 1603 ubi
1504 1543 1703 1602 fertur
1732 1543 1945 1603 Ulixes

497 1630 795 1704 sanguine
821 1626 1014 1686 libato
1039 1626 1337 1705 populum
1363 1630 1623 1684 movisse
1650 1625 1957 1685 silentem.
2207 1636 2307 1687 125

494 1707 614 1766 illic
642 1709 996 1773 umbrarum
1022 1712 1197 1767 tenui
1223 1709 1485 1767 stridore
1512 1706 1829 1766 volantum

494 1787 713 1848 flebilis
741 1789 989 1848 auditur
1016 1799 1271 1867 questus
1298 1808 1313 1859 3
1362 1789 1681 1848 simulacra
1708 1787 1906 1847 coloni

492 1870 721 1948 pallida
748 1869 1195 1948 defunctasque
1222 1871 1438 1930 vident
1463 1874 1728 1948 migrare
1756 1869 2003 1949 figuras,

494 1952 634 2012 hinc
662 1953 781 2012 dea
805 1951 1086 2030 prosiluit
1114 1951 1471 2032 Phoebique
1502 1973 1748 2031 egressa
1773 1971 2020 2012 serenos

491 2033 706 2093 infecit
732 2034 933 2093 radios
961 2033 1324 2112 ululatuque
1353 2035 1608 2093 aethera
1633 2038 1801 2112 rupit
2199 2045 2302 2096 130

492 2115 757 2174 terrifico
785 2136 798 2173 :
847 2119 1040 2174 sentit
1065 2114 1257 2173 ferale
1285 2116 1602 2175 Britannia
1626 2136 1901 2175 murmur
2352 2128 2368 2142 “

493 2207 559 2256 et
586 2196 896 2256 Senonum
925 2200 1129 2274 quatit
1156 2218 1303 2255 arva
1328 2196 1534 2276 fragor
1559 2197 1962 2275 revolutaque
1988 2198 2225 2278 Tethys

490 2280 766 2337 substitit
795 2286 861 2337 et
888 2278 1138 2336 Rhenus
1163 2281 1441 2355 proiecta
1466 2282 1701 2356 torpuit
1728 2300 1901 2337 urna.

488 2368 636 2418 tunc
661 2364 726 2416 in
752 2363 1044 2418 canitiem
1069 2364 1326 2418 mutatis
1353 2369 1573 2437 sponte
1601 2359 1861 2418 colubris

486 2439 855 2519 longaevum
881 2444 1146 2500 mentita
1172 2460 1387 2499 senem
1412 2445 1702 2519 rugisque
1730 2461 1976 2500 seueras
2191 2451 2294 2501 135

484 2522 832 2599 persulcata
857 2541 1048 2600 genas
1079 2531 1144 2581 et
1172 2522 1317 2581 ficto
1344 2522 1636 2601 languida
1661 2542 1845 2599 passu

483 2604 720 2663 invadit
747 2622 952 2662 muros
983 2603 1228 2674 Elusae‚
1259 2608 1577 2663 notissima
1607 2604 1840 2663 dudum

544 2898 565 2929 ¹
599 2898 760 2948 Their
788 2880 1039 2960 territory
1061 2895 1152 2961 lay
1174 2913 1326 2948 some
1355 2898 1498 2962 sixty
1521 2897 1672 2948 miles
1705 2897 1832 2950 S.E.
1856 2897 1919 2949 of
1948 2898 2117 2951 Paris.
2205 2900 2283 2953 Its

474 2963 626 3017 chief
642 2969 786 3015 town
809 2978 919 3013 was
944 2961 1288 3027 Agedincum
1312 2961 1481 3024 (mod.
1507 2962 1684 3029 Sens).

545 3031 565 3061 ⁸
601 3030 768 3079 Elusa
803 3027 918 3091 (the
952 3026 1177 3078 modern
1211 3028 1395 3078 Eauze
1429 3031 1484 3079 in
1519 3029 1612 3079 the
1646 3030 1999 3093 Department
2033 3029 2094 3081 of
2124 3030 2283 3096 Gers)

471 3111 582 3147 was
604 3095 697 3148 the
718 3092 1017 3158 birthplace
1039 3092 1099 3144 of
1120 3092 1349 3145 Rufinus
1371 3093 1464 3159 (of.
1492 3094 1684 3146 Zosim.
1710 3097 1780 3147 iv,
1804 3099 1888 3146 51.
1919 3095 1986 3159 1).

475 3181 551 3234 34
