2511 3938
1127 335 1574 400 CLAUDIAN

453 504 686 580 primus
711 503 797 559 ini
817 520 833 572 3
876 498 1088 559 silvam
1113 503 1164 559 si
1188 498 1450 557 caedere
1473 505 1767 577 provocat
1789 516 1956 567 usuS,

455 596 703 665 sumpta
731 606 811 645 ne
839 585 1076 665 pudeat
1105 605 1399 664 quercum
1428 587 1713 642 stravisse
1742 583 2015 660 bipenni.
2152 590 2255 639 345

455 672 725 731 calcatur
750 676 800 731 si
826 676 1003 750 pigra
1026 671 1224 749 paluS‚
1251 680 1395 730 tuus
1422 679 1570 730 ante
1595 667 1969 748 profundum

455 767 842 837 pertemptet
870 761 1133 836 sonipes,
1212 755 1426 815 fluvios
1455 765 1527 815 tu
1552 764 1800 834 protere
1830 775 2008 814 cursu

455 844 784 903 haerentes
812 844 1029 923 glacie,
1056 843 1318 922 liquidos
1346 851 1417 901 tu
1445 842 1653 901 scinde
1680 850 1923 901 natatu.

457 951 618 989 nunc
646 949 835 1011 eques
859 933 925 988 in
950 929 1184 988 medias
1212 932 1492 1007 equitum
1517 937 1584 989 te
1611 948 1861 987 consere
1888 936 2122 987 turmas
2147 946 2163 998 3

457 1036 618 1074 nunc
644 1016 837 1094 pedes
867 1016 1124 1075 adsistas
1152 1015 1370 1094 pediti.
1450 1021 1584 1073 tum
1611 1018 1953 1093 promptius
1979 1015 2160 1072 ibunt

456 1109 523 1160 te
554 1106 735 1172 soci0,
764 1110 901 1160 tum
929 1091 1287 1178 conspicuus
1316 1108 1653 1180 gratusque
1682 1110 1935 1179 geretur
2152 1108 2252 1157 351

457 1189 571 1246 sub
601 1196 667 1246 te
697 1196 862 1246 teste
890 1185 1124 1246 labor.”

1227 1272 1554 1332 Dicturum
1581 1272 1759 1352 plura
1786 1281 2113 1352 parentem

456 1378 605 1441 γοοδ
627 1359 826 1421 subis:
854 1368 891 1395 ‘⁶
914 1359 1223 1437 equidem,
1243 1357 1496 1417 faveant
1517 1359 1701 1417 modo
1721 1363 1973 1419 numina
2001 1362 2258 1437 coeptiS,

458 1443 613 1504 haec
640 1443 861 1504 effecta
885 1445 1069 1515 dabo,
1096 1464 1212 1503 nec
1237 1464 1339 1502 me
1366 1443 1665 1522 fratrique
1692 1446 1931 1524 tibique

458 1528 814 1593 dissimilem
838 1530 1050 1610 populi
1076 1534 1520 1609 commissaque
1547 1550 1740 1609 regna
1766 1531 2086 1590 videbunt.
2153 1538 2257 1587 355

458 1617 570 1676 sed
592 1637 701 1675 cur
725 1637 849 1676 non
872 1620 1098 1694 potiuS,
1123 1617 1325 1675 verbis
1351 1636 1511 1695 quae
1536 1617 1801 1687 disseriS‚
1828 1638 1942 1676 usu

457 1706 743 1780 experior
767 1704 791 1761 ?
869 1702 1104 1781 gelidas
1133 1711 1304 1761 certe
1333 1722 1495 1760 nunc
1523 1703 1728 1761 tendis
1756 1707 1821 1761 in
1851 1702 2062 1781 Alpes,

458 1787 579 1849 duc
609 1796 818 1847 tecum
854 1791 1181 1857 comitem3
1223 1787 1420 1867 figant
1456 1791 1588 1846 sine
1629 1796 1840 1847 nostra
1880 1797 2214 1867 tyrannum

460 1872 691 1951 spicula
716 1892 733 1943 3
781 1872 1078 1952 pallescat
1107 1882 1315 1932 nostro
1345 1876 1477 1931 sine
1505 1874 1800 1933 barbarus
1830 1895 1994 1933 arcu.

461 1958 788 2018 Italiamne
816 1957 1014 2018 feram
1041 1958 1212 2019 furiis
1240 1959 1567 2040 praedonis
1596 1961 1802 2020 acerbi
2155 1968 2259 2018 360

460 2046 802 2104 subiectam
827 2046 850 2104 ?
922 2049 1124 2124 patiar
1156 2045 1416 2105 Romam
1447 2050 1673 2106 servire
1705 2047 1914 2106 clienti
1939 2049 1963 2106 ?

459 2150 656 2209 usque
684 2132 921 2190 adeone
947 2132 1149 2211 puer?
1224 2152 1341 2191 nec
1367 2152 1468 2190 me
1494 2133 1731 2212 polluta
1755 2142 2033 2212 potestas

461 2236 576 2275 nec
602 2221 707 2296 pia
733 2222 979 2296 cognati
1007 2226 1230 2297 tanget
1257 2219 1527 2278 vindicta
1553 2224 1780 2279 cruoris
1805 2221 1829 2278 ?

460 2323 573 2382 per
602 2312 840 2383 strages
873 2307 1153 2383 equitare
1182 2304 1358 2364 libet.
1438 2304 1518 2363 da
1546 2309 1824 2385 protinus
1856 2326 2046 2364 arma.

462 2408 570 2447 cur
596 2409 787 2448 annos
815 2390 1001 2448 obicis
1027 2391 1051 2448 ?
1128 2410 1377 2470 pugnae
1406 2412 1513 2450 cur
1540 2412 1761 2471 arguor
1786 2396 1985 2471 impar
2009 2392 2033 2450 Ρ

464 2474 736 2553 aequalis
764 2476 914 2533 mihi
944 2476 1210 2555 Pyrrhus
1241 2485 1397 2547 erat,
1426 2498 1567 2536 cum
1596 2478 1898 2557 Pergama
1926 2477 2086 2536 solus
2156 2486 2262 2535 365

461 2569 736 2619 verteret
763 2569 830 2626 et
854 2564 1019 2640 patri
1043 2581 1167 2620 non
1193 2561 1603 2641 degeneraret
1630 2563 1871 2623 Achilli.

461 2645 731 2725 denique
751 2649 802 2705 si
819 2650 1102 2727 princeps
1122 2652 1336 2707 castris
1356 2648 1611 2708 haerere
1632 2651 1922 2728 nequib0,

461 2732 561 2790 vel
592 2732 766 2790 miles
798 2731 1104 2792 veniam.”

1232 2819 1487 2880 Delibat
1517 2820 1718 2880 dulcia
1747 2825 1878 2881 nati

463 2902 670 2962 oscula
696 2907 1076 2983 miratusque
1103 2903 1336 2964 refert:
1376 2906 1742 2966 “laudanda
1768 2910 1981 2986 petisti
2002 2925 2018 2978 ;
2157 2916 2265 2966 370

462 2989 574 3048 sed
601 2989 861 3048 festinus
891 3010 1079 3048 amor.
1158 2995 1368 3051 veniet
1395 2993 1699 3052 robustior
1727 3002 1900 3052 aetas
1926 3013 1943 3064 ;

462 3095 542 3133 ne
571 3095 854 3155 propera.
934 3075 1197 3135 necdum
1227 3077 1496 3135 decimas
1530 3098 1814 3138 emensus
1846 3084 2061 3138 aristas

460 3161 816 3241 adgrederis
846 3161 1184 3221 metuenda
1211 3166 1354 3220 viris
1381 3184 1396 3222 ε
1446 3168 1708 3243 vestigia
1736 3184 2001 3245 magnae

463 3274 580 3326 312
