2511 3938
1174 332 1623 393 CLAUDIAN

500 490 705 550 Mollis
730 490 1001 550 feminea
1027 492 1380 551 detruditur
1406 513 1545 551 arce
1572 501 1871 573 tyrannus

577 585 643 637 et
669 576 942 637 thalamo
967 578 1177 657 pulsus
1202 579 1476 656 perdidit
1500 583 1827 657 imperium
1854 600 1868 638 :

498 667 583 722 sic
609 668 843 722 iuvenis
869 674 1134 723 nutante
1162 664 1284 723 fide
1312 669 1632 744 veterique
1658 665 1916 725 reducta

575 750 809 828 paelice
837 749 1131 809 defletam
1156 751 1381 829 linquit
1407 755 1603 810 amica
1629 752 1901 811 domum.

500 840 791 895 canitiem
817 857 1017 894 raram
1043 836 1214 916 largo
1240 842 1365 895 iam
1390 838 1644 915 pulvere
1671 846 1886 915 turpat
2235 848 2307 896 25

579 932 645 981 et
670 922 931 981 lacrimis
956 943 1140 1002 rugas
1164 923 1387 1001 implet
1414 923 1574 982 anile
1601 943 1857 1002 gemens

500 1008 978 1086 suppliciterque
1004 1013 1136 1087 pias
1163 1009 1406 1067 humilis
1432 1018 1775 1088 prostratus
1802 1010 1883 1068 ad
1910 1031 2045 1069 aras

578 1098 826 1173 mitigat
851 1098 1038 1154 iratas
1065 1114 1213 1154 voce
1241 1103 1552 1154 tremente
1579 1116 1788 1155 nurus,

501 1183 807 1239 innumeri
831 1179 1251 1259 glomerantur
1279 1185 1368 1239 eri
1394 1183 1507 1240 sibi
1535 1185 1793 1259 quisque
1819 1190 2111 1260 petentes

579 1270 951 1345 mancipium
976 1267 1123 1326 solis·
1144 1266 1296 1325 utile
1324 1267 1653 1345 suppliciis·
2240 1276 2311 1326 30

503 1357 779 1431 quamvis
804 1352 1022 1413 foedus
1051 1356 1216 1411 enim
1241 1362 1643 1431 mentemque
1671 1354 2027 1413 obscaenior
2052 1374 2180 1424 ore,

578 1444 669 1498 ira
695 1440 870 1499 dabit
895 1444 1166 1518 pretium
1191 1457 1207 1509 ;
1253 1458 1457 1517 poena
1482 1450 1757 1499 meretur
1785 1444 1927 1499 emi.

504 1603 694 1677 Quas,
715 1604 927 1681 spado,
946 1623 1107 1661 nunc
1127 1611 1325 1661 terras
1346 1612 1457 1661 aut
1477 1622 1663 1681 quem
1685 1604 1970 1662 transibis
1989 1607 2053 1661 in
2074 1622 2254 1661 axem
2285 1604 2312 1661 ?

580 1693 840 1767 cingeris
867 1689 1007 1748 hinc
1034 1689 1208 1759 odiis,
1234 1689 1380 1747 inde
1407 1693 1660 1748 recessit
1688 1710 1877 1748 amor.

502 1785 766 1852 utraque
794 1783 860 1833 te
886 1778 1134 1853 gemino
1161 1776 1276 1833 sub
1303 1774 1503 1834 sidere
1529 1778 1703 1854 regia
1728 1776 1985 1834 damnat
2012 1795 2026 1833 t
2241 1783 2313 1833 35

581 1861 915 1939 Hesperius
943 1880 1302 1938 numquam,
1328 1865 1453 1918 iam
1478 1881 1593 1920 nec
1620 1862 1785 1920 Eous
1814 1865 1952 1920 eris·

503 1951 687 2007 miror
713 1968 840 2019 cur,
867 1947 997 2006 aliis
1026 1951 1131 2025 qui
1156 1946 1432 2025 pandere
1459 1946 1592 2007 fata
1618 1948 1878 2017 solebaS,

582 2034 662 2092 ad
686 2038 995 2112 propriam
1021 2032 1261 2092 cladem
1288 2054 1472 2093 caeca
1498 2035 1730 2114 Sibylla
1755 2043 1946 2093 taces,

501 2124 627 2180 iam
653 2122 768 2179 tibi
793 2121 960 2179 nulla
986 2121 1158 2179 videt
1181 2119 1371 2179 fallax
1396 2124 1698 2179 insomnia
1725 2120 1897 2179 Nilus
1923 2139 1939 2190 ;

580 2207 950 2286 pervigilant
975 2217 1149 2267 vates
1175 2212 1322 2278 iam,
1348 2206 1716 2277 miserande,
1742 2209 1856 2265 tui.
2241 2214 2315 2263 40

506 2293 656 2372 quid
682 2315 849 2353 soror
874 2295 898 2352 ?
949 2294 1205 2353 audebit
1231 2303 1440 2353 tecum
1469 2293 1877 2352 conscendere
1905 2294 2163 2370 puppim

585 2390 651 2439 et
678 2384 887 2439 veniet
911 2379 1164 2459 longum
1189 2400 1303 2459 per
1328 2399 1498 2438 mare
1526 2379 1650 2437 fida
1675 2398 1879 2438 comes
1906 2379 1930 2436 ?

508 2489 588 2527 an
614 2467 873 2526 fortasse
902 2475 1066 2525 toros
1095 2467 1361 2525 eunuchi
1385 2469 1672 2544 pauperis
1700 2466 1833 2524 odit

586 2564 653 2614 et
678 2563 744 2613 te
771 2574 933 2612 nunc
958 2548 1205 2631 inopem
1232 2553 1403 2612 dives
1431 2571 1637 2610 amare
1664 2559 1857 2630 negat
1881 2551 1905 2609 ?

509 2641 773 2700 eunuchi
797 2640 1076 2718 iugulum
1099 2642 1332 2718 primus
1359 2640 1623 2697 secuisse
1647 2635 1861 2695 fateris
1886 2654 1903 2705 ;
2245 2642 2316 2690 45

586 2728 696 2786 sed
723 2736 935 2785 tamen
963 2725 1245 2804 exemplo
1273 2746 1397 2784 non
1421 2723 1642 2782 feriere
1670 2732 1799 2781 tuo.

507 2816 644 2873 vive
670 2813 868 2892 pudor
892 2812 1058 2871 fatis.
1140 2831 1218 2870 en
1245 2831 1433 2889 quem
1459 2820 1769 2869 tremuere
1795 2815 1894 2866 tot
1920 2806 2123 2875 urbeS,

589 2919 668 2958 en
694 2903 863 2958 cuius
888 2897 1099 2977 populi
1126 2901 1471 2956 sustinuere
1496 2900 1711 2970 iugum
1738 2894 1751 2952 1

582 3067 603 3097 ¹
638 3062 906 3116 Claudian
939 3062 1069 3114 calls
1101 3062 1395 3126 Eutropius
1428 3060 1523 3111 the
1558 3058 1716 3122 Sibyl
1746 3058 1979 3109 because
2011 3055 2147 3106 both
2182 3072 2325 3107 were

515 3138 549 3161 “
572 3129 664 3182 old
689 3128 953 3181 women.”
1023 3127 1110 3179 He
1143 3129 1188 3178 is
1222 3125 1486 3190 referring
1518 3131 1576 3176 to
1611 3120 1923 3187 Eutropius'
1957 3120 2325 3173 consultation

514 3197 577 3249 of
595 3197 688 3248 the
713 3195 991 3261 Egyptian
1017 3192 1192 3245 oracle
1214 3213 1230 3252 ς
1274 3192 1345 3258 os.
1369 3191 1440 3243 In
1464 3192 1693 3255 Eutrop.
1718 3191 1755 3241 i.
1781 3192 1884 3240 312
1908 3186 2019 3240 and
2043 3191 2191 3239 note.

523 3286 635 3338 180
