2511 3938
1120 313 1568 374 CLAUDIAN

1177 483 1214 510 ‘⁴
1241 474 1560 547 Quantum
1587 483 1653 533 te
1678 477 1953 552 principe
1978 475 2226 550 possim,

447 580 572 620 non
598 561 933 642 longinqua
960 563 1206 633 docent,
1232 564 1466 622 domito
1494 564 1660 641 quod
1686 563 1927 621 Saxone
1953 561 2187 639 Tethys

448 654 655 709 mitior
681 661 790 711 aut
816 651 1014 711 fracto
1038 672 1257 710 secura
1281 653 1599 711 Britannia
1625 651 1797 710 Picto
1823 670 1839 722 3

446 750 594 799 ante
620 743 812 819 pedes
839 742 1053 801 humili
1081 744 1315 801 Franco
1343 746 1628 822 tristique
1656 743 1860 801 Suebo

442 831 726 910 perfruor
753 843 819 893 et
845 843 1120 893 nostrum
1148 835 1350 904 vide0,
1379 834 1765 904 Germanice,
1794 833 2098 891 Rhenum.
2148 840 2249 889 395

444 924 558 983 sed
583 925 732 1002 quid
758 945 939 1004 agam
966 926 989 984 ?
1069 925 1296 984 discors
1325 926 1545 985 Oriens
1572 924 1851 983 felicibus
1879 928 2030 983 actis

443 1016 682 1075 invidet
708 1025 898 1094 atque
927 1016 1044 1075 alio
1072 1015 1307 1076 Phoebi
1335 1017 1414 1076 de
1441 1017 1689 1075 cardine
1716 1025 1976 1095 surgunt

443 1110 717 1177 crimina,
743 1127 824 1166 ne
852 1116 987 1167 toto
1014 1111 1325 1186 conspiret
1351 1128 1603 1186 corpore
1630 1128 1911 1186 regnum.

447 1197 723 1257 Gildonis
752 1207 928 1257 taceo
954 1219 1182 1278 magna
1207 1220 1349 1257 cum
1375 1199 1558 1259 laude
1585 1207 1898 1277 receptam

442 1286 765 1364 perfidiam
793 1297 859 1346 et
884 1287 1077 1347 fretos
1104 1289 1237 1347 Eoo
1264 1289 1482 1347 robore
1513 1288 1786 1347 Mauros,
2146 1295 2249 1344 400

441 1395 604 1453 quae
630 1386 918 1456 suscepta
940 1376 1161 1448 fameS,
1186 1386 1491 1456 quantum
1518 1378 1877 1437 discriminis
1905 1377 2061 1446 urbi,

442 1469 507 1525 ni
534 1475 645 1524 tua
670 1466 771 1524 vel
796 1470 988 1525 soceri
1013 1487 1351 1545 numquam
1377 1487 1502 1526 non
1525 1467 1780 1545 provida
1806 1469 1997 1525 virtus

442 1556 776 1615 australem
805 1557 1047 1616 Arctois
1072 1565 1396 1635 pensasset
1422 1556 1699 1635 frugibus
1728 1577 1955 1615 annum
1982 1555 1995 1613 l

439 1648 723 1705 invectae
751 1645 1032 1705 Rhodani
1058 1647 1348 1705 Tiberina
1372 1666 1486 1724 per
1511 1650 1669 1705 ostia
1694 1645 1914 1705 classes

440 1733 878 1814 Cinyphiisque
905 1734 1079 1794 ferax
1108 1736 1317 1794 Araris
1344 1740 1634 1795 successit
1661 1739 1880 1795 aristis.
2145 1744 2250 1792 405

438 1824 809 1883 Teutonicus
836 1845 1047 1883 vomer
1073 1824 1500 1905 Pyrenaeique
1526 1828 1765 1884 iuvenci

439 1915 736 1975 sudavere
763 1916 912 1975 mihi
938 1935 954 1987 3
1003 1937 1063 1975 ει
1070 1925 1248 1996 getes
1277 1919 1577 1977 mirantur
1604 1917 1865 1975 Hiberas

437 2004 657 2064 horrea
683 2025 698 2076 3
747 2026 861 2065 nec
891 2006 1127 2087 Libyae
1154 2015 1480 2066 senserunt
1506 2008 1732 2067 damna
1757 2006 1999 2066 rebellis

434 2100 561 2154 iam
587 2095 966 2174 transalpina
991 2106 1136 2156 cont
1150 2101 1271 2156 enti
1295 2117 1496 2156 messe
1524 2097 1818 2170 Quirites·

430 2184 536 2243 ille
562 2186 816 2263 quidem
843 2185 962 2244 solv
972 2190 1023 2245 it
1048 2190 1299 2245 meritas
1327 2187 1467 2266 (scit
1491 2186 1790 2265 Tabraca)
1817 2205 2070 2264 poenam,
2143 2195 2250 2243 410

437 2283 510 2333 ut
534 2284 755 2352 pereat
782 2280 1154 2354 quicumque
1181 2277 1305 2334 tuis
1332 2275 1677 2335 conflixerit
1703 2280 1904 2334 armis,

514 2374 554 2401 “
579 2365 740 2423 Ecce
767 2385 987 2443 repens
1013 2366 1210 2425 isdem
1236 2366 1441 2425 clades
1470 2386 1507 2423 a
1530 2365 1809 2443 partibus
1838 2368 1967 2423 exit

437 2458 809 2532 terrorisque
835 2458 1059 2525 minus,
1087 2455 1197 2514 sed
1221 2455 1358 2532 plus
1386 2454 1671 2513 habitura
1695 2454 1945 2532 pudoris

436 2542 768 2620 Eutropius
796 2543 1025 2602 consul.
1104 2544 1344 2621 pridem
1372 2542 1634 2601 tolerare
1660 2541 1931 2602 fatemur

433 2630 548 2690 hoc
574 2652 792 2710 genuS‚
819 2633 1069 2691 Arsacio
1095 2642 1427 2711 postquam
1454 2652 1520 2691 se
1548 2636 1720 2710 regia
1744 2631 1910 2690 fastu
2140 2641 2247 2689 415

432 2722 683 2780 sustulit
710 2731 775 2781 et
802 2731 1040 2781 nostros
1067 2726 1336 2800 corrupit
1364 2721 1616 2780 Parthia
1640 2741 1863 2779 mores·

432 2810 734 2888 praefecti
761 2812 872 2871 sed
898 2812 1097 2870 adhuc
1123 2815 1384 2890 gemmis
1411 2815 1693 2889 vestique
1721 2811 2027 2870 dabantur

433 2900 718 2959 custodes
746 2919 1039 2978 sacroque
1068 2899 1363 2959 adhibere
1390 2899 1633 2958 silentia
1658 2919 1870 2957 somno
1896 2917 1912 2968 3

497 3102 519 3132 ²
555 3100 666 3152 She
689 3100 821 3150 calls
847 3100 961 3151 him
991 3099 1338 3150 Germanicus
1364 3100 1596 3151 because
1622 3100 1684 3150 of
1705 3100 1789 3150 his
1814 3099 2159 3165 pacification
2186 3099 2254 3151 of

429 3167 708 3231 Germany
731 3185 746 3224 ς
786 3182 877 3217 see
900 3164 1296 3225 Introduction,
1321 3181 1376 3230 p.
1397 3180 1452 3217 x.

434 3244 546 3305 168
